2752 4776
630 941 737 1044 ΠΙ.

153 1168 253 1308 [An
268 1184 455 1277 Sanctus
485 1189 590 1277 Rex
618 1187 852 1274 Ladislaus
886 1190 1174 1280 Varadiensis

424 1312 704 1418 episcopatus
728 1305 977 1406 ¹Conditorl

529 1577 531 1589 '
633 1607 666 1711 a.
697 1609 731 1684 1.

139 1761 260 1965 Qui
279 1871 411 1951 agrum
431 1815 632 1957 multiplici
652 1842 807 1939 labore,
837 1845 969 1922 solerti
990 1875 1107 1954 opera
1126 1847 1220 1925 sub-

140 1977 297 2047 actum,
338 1951 559 2052 optimaque
590 1969 761 2026 semente
790 1949 1082 2048 foecundatum3
1108 1958 1218 2031 novis

139 2061 316 2141 scindere
340 2058 455 2132 velim
487 2056 625 2148 sulcis,
660 2084 777 2133 vanus
803 2073 841 2133 et
872 2061 992 2135 inanis
1019 2089 1097 2137 non
1122 2089 1217 2138 snm.

138 2171 391 2274 Episcopatus
421 2161 655 2238 Varadiensis
673 2166 897 2239 incunabula
914 2192 984 2269 per
1008 2158 1219 2270 Georgium

140 2279 263 2373 Pray‚
285 2269 517 2374 Stephanum
536 2267 703 2363 Katona,
722 2270 920 2347 Danielem
939 2273 1124 2351 Cornides
1143 2295 1215 2351 etc.

140 2380 359 2456 immortale
387 2378 427 2447 in
453 2374 648 2478 republica
677 2376 846 2451 literaria
869 2403 1009 2453 nomen
1034 2405 1219 2459 consecu-

141 2486 458 2580 tomitanam,
486 2482 608 2578 iisque
636 2484 828 2555 rationum
856 2487 1059 2560 momentis
1083 2487 1222 2563 Proto·
1300 2576 1304 2584 Ι

141 2596 224 2693 regi
245 2589 434 2693 Stephano
456 2603 542 2661 sunt
561 2586 766 2682 vindicata,
794 2590 903 2687 queis
924 2589 1113 2665 Antonius
1140 2591 1221 2666 Gt-

144 2727 289 2800 noczy,
317 2695 584 2770 Varadinensis
610 2695 841 2786 canonicus,
869 2697 1054 2772 incassum
1077 2699 1222 2774 studuit

143 2805 338 2906 refragari.
367 2801 401 2873 N
404 2826 446 2874 ec
462 2799 661 2900 subseqnis
675 2799 777 2874 aliud
795 2803 992 2895 relictum,
1012 2803 1127 2901 quam
1144 2804 1220 2880 eli·
1297 2850 1299 2853 ψ
1344 2874 1347 2878 Α

144 2931 298 3013 qnatam
322 2907 369 2982 ab
388 2907 480 3008 ipsis
506 2908 705 2980 ueritatem
725 2907 771 2980 ab
792 2908 985 2983 erroribus
1011 2909 1220 2987 immunem

146 3043 323 3111 servare,
351 3012 534 3106 dubium,
562 3010 717 3112 siquod
743 3011 924 3090 obortum
947 3031 1027 3106 est,
1055 3018 1220 3122 dispun-

146 3149 261 3226 gere,
318 3147 361 3196 ae
398 3116 640 3224 dispendium
680 3120 891 3220 irrogatum
946 3119 1021 3197 fide
1071 3124 1219 3228 integra
1313 3126 1323 3141 '

144 3256 297 3308 sarcire
950 3252 952 3260 ‘

241 3421 364 3504 Scripta
384 3416 423 3480 ad
439 3424 640 3502 praesentem
668 3413 885 3499 quaestionem
903 3400 1116 3500 pertinentiae

147 3554 209 3614 Ge.
222 3551 296 3610 Pra
304 3570 324 3632 y
346 3543 534 3608 Dissertatio
544 3541 753 3605 Historico-
765 3542 927 3608 Criticade
937 3551 968 3609 S.
980 3547 1122 3616 Ladislao
1133 3553 1225 3612 Hun.

242 3633 347 3715 gariae
368 3650 454 3712 rege.
479 3630 569 3689 1774.
590 3627 621 3686 in
645 3628 675 3688 4.
972 3698 976 3707 ¹
1131 3655 1135 3662 ·

145 3718 292 3781 Distribe
309 3718 340 3776 in
360 3713 616 3776 Dissertationem
632 3709 954 3789 Historico-criticam
975 3712 1015 3774 dc
1035 3719 1067 3779 8.
1082 3716 1225 3784 Ladislao

244 3803 284 3864 ab
298 3800 442 3885 platonio
469 3796 604 3858 Ganoczi
627 3790 847 3879 conscriptam.
874 3784 964 3879 illl.
985 3799 1016 3858 in
1036 3801 1130 3875 tau„
1153 3868 1155 3876 Ι

144 3885 314 3970 specimen
334 3879 540 3946 Hierarchiae
561 3879 757 3960 Hungaricae
777 3881 885 3953 Partes
909 3886 949 3943 ll.
973 3887 1011 3944 A.
1040 3888 1120 3949 1776
1141 3887 1171 3946 in
1194 3889 1225 3953 4.

146 3970 291 4056 Epistola
309 3970 475 4053 Exegetica
501 3968 533 4027 in
553 3960 958 4049 dispnpctiolnem'dntouii
981 3962 1138 4054 Ganoccy'.
1154 3971 1223 4038 nn.

129 4053 158 4075 ”
247 4053 450 4119 trotino.
630 4042 639 4066 ⁸
730 4052 745 4067 ⁰
829 4054 835 4065 “
1192 4054 1196 4061 ’
