2752 4776
1126 121 1176 201 65
1209 191 1210 194 a

148 313 294 407 nae'itaa
314 311 450 388 Daciae
468 326 540 387 etc.
561 338 598 415 p.
620 307 764 388 5-58,
788 310 1047 390 stt-Onne
1067 313 1238 397 nmium

148 421 312 498 verdun
334 421 375 504 in
397 417 566 496 vitium.¹
923 428 931 446 ¹
1104 462 1107 469 ·
1167 416 1169 422 ’

244 632 278 733 ξ.
293 631 356 710 59.
386 630 530 725 Restat,
548 647 592 704 ut
609 645 650 706 et
659 628 844 732 Thuringi
857 655 900 704 ac
909 627 1077 708 Saxones
1090 635 1132 707 in
1146 660 1234 713 coe-

148 760 232 818 tum
247 735 680 840 Scythico-Parthorum
707 751 749 812 et
771 735 962 838 Hungaris
980 736 1233 840 Agnatorum

145 863 350 957 cogentum
388 862 428 921 et
456 841 529 918 boc
556 841 972 944 quidem-argumentis
993 841 1072 950 jam
1097 845 1238 925 Histo-
1270 854 1272 858 ’

145 954 258 1028 rieis‘:
286 951 388 1046 „Sed
422 951 514 1050 quia
540 948 691 1050 Gygans
718 948 939 1049 Nemrotlr,
975 975 1115 1028 uxores
1144 954 1236 1032 alias

145 1063 230 1137 sine
256 1057 379 1135 Enetb
402 1055 627 1161 perhibetur
647 1054 837 1150 babuisse,
865 1079 914 1129 ex
934 1056 1073 1157 quibus
1092 1058 1242 1160 absquo

144 1166 288 1242 Hunor
297 1179 336 1238 et
346 1162 485 1264 Mogor
504 1162 633 1266 plures
654 1161 752 1236 filios
774 1176 813 1235 et
830 1160 925 1237 filias
945 1165 1151 1263 generavit.
1181 1166 1233 1240 Hi

146 1274 205 1347 sui
232 1268 299 1345 lilii
319 1273 359 1344 'e't
380 1295 516 1345 eorum
538 1269 740 1374 posteritas
759 1266 917 1347 Perside
930 1264 1234 1348 'inhabitantre-
1273 1275 1280 1287 ‘

144 1376 333 1483 gioaern,
352 1352 496 1451 stalura
515 1390 553 1447 et
571 1373 702 1451 colore
721 1372 845 1446 Hunis
874 1375 1034 1470 similes,
1063 1395 1236 1455 tantum·-

144 1483 265 1560 modo
287 1478 623 1586 parumsdifferunt
644 1483 683 1554 in
701 1479 867 1580 loquela,
891 1481 988 1557 siout
1004 1480 1172 1562 Saxones
1195 1501 1236 1562 et
1265 1524 1268 1529 ·
1364 1518 1365 1523 ¹

143 1587 370 1691 Thuringi.“
406 1584 539 1659 Simon
570 1586 699 1685 itaque
723 1585 827 1658 Keza
848 1584 972 1660 adbuc
998 1586 1140 1665 idioma
1165 1588 1237 1666 Sa-

144 1696 330 1808 xonipum
359 1706 399 1768 et
420 1683 672 1794 Thuringium
695 1691 908 1792 Ungaricae
935 1690 1089 1796 linguae
1109 1694 1238 1775 diale-⁴

144 1821 253 1889 aum
283 1788 479 1893 eonfessus
512 1814 588 1892 est,
626 1799 726 1883 sicut
750 1797 901 1874 Persiae
937 1823 1023 1876 oras
1054 1803 1231 1878 incolen-

143 1912 245 1987 tium
259 1905 543 2009 Magyarorum.
581 1890 673 1980 Ideo
696 1886 817 1981 etiam
838 1906 879 1980 in
891 1898 1088 1983 Saxonum
1103 1907 1245 1985 Tran·-
1349 1970 1352 1974 .

143 2013 383 2092 sil'vanorum
402 2009 531 2112 sigillo
554 2008 709 2111 legitur:
738 2007 815 2110 sig.
840 2009 1014 2090 Nationis
1032 2012 1230 2111 Saxonice,

142 2121 264 2209 Rom
280 2117 330 2194 ’Ν
335 2122 472 2205 emze't
492 2114 633 2192 Boiai.
671 2118 730 2192 En
752 2117 827 2225 ipsi
845 2115 1013 2196 Saxones
1039 2122 1164 2200 alieno
1190 2147 1231 2199 se

141 2226 299 2312 nomine
327 2222 642 2328 compellbruntf‘
672 2250 734 2326 op.
762 2248 794 2297 o.
818 2252 855 2327 p.
880 2223 1050 2304 55-56.
1105 2224 1232 2306 Solito

141 2335 216 2410 sibi
249 2332 479 2434 sophismate
507 2327 605 2407 fallit
634 2328 830 2432 scriptor:
867 2355 938 2408 neo
972 2333 1076 2412 enim
1099 2332 1234 2411 Simon

143 2442 206 2518 de,
219 2438 323 2518 Keza
343 2438 514 2514 'Saxones
542 2459 586 2510 ac
609 2434 826 2537 Thuringos
851 2439 1231 2538 congenerationales

141 2545 235 2633 feeit
251 2543 485 2628 Hunnorum
508 2557 546 2619 et
561 2539 836 2644 Magyarorum
843 2571 854 2639 3
882 2536 950 2619 sed
970 2544 1138 2651 reliquas
1161 2545 1233 2622 oo-

142 2668 276 2757 gnatas
299 2649 537 2731 Memrodi
575 2649 778 2751 progenies
801 2649 843 2751 in
861 2648 1016 2733 Perside
1046 2654 1100 2726 ita
1129 2647 1232 2726 dun-
1334 2650 1337 2655 ⁴

143 2773 249 2835 taxat
267 2757 423 2832 differre
434 2754 597 2840 dialecto
610 2784 631 2828 a
643 2754 833 2858 Hungaris
853 2755 1066 2852 etHunuis‚
1093 2781 1231 2856 quem-

143 2862 351 2942 admodum
368 2859 540 2938 Saxones
561 2889 603 2937 ac
613 2861 801 2966 Thuringi
827 2862 873 2937 ab
893 2863 1058 2942 invicem
1076 2862 1229 2940 distant.

142 2971 281 3073 Neque
306 2966 475 3047 Saxones
506 2968 785 3048 Transilvaniae
815 2970 940 3046 alieno
980 2997 1021 3047 se
1059 2962 1230 3074 unquam

141 3080 361 3160 vocitarunt
376 3074 548 3172 nomine3
576 3075 644 3151 sed
659 3072 835 3180 Scriptor
860 3074 1029 3177 sigillum
1055 3079 1231 3183 ipsorum

126 3185 241 3262 'male
271 3183 379 3284 legit,
408 3180 517 3285 pejus
544 3183 818 3285 interpretatus
838 3198 911 3257 est:
940 3181 1076 3258 Trium
1098 3184 1230 3257 natio-

140 3318 237 3368 num
255 3284 536 3364 Transilvaniae
564 3289 733 3391 sigillum
757 3304 838 3362 erat
857 3285 1043 3364 trifariam
1064 3287 1229 3366 divisum

125 3398 259 3496 ¹(sicut
285 3393 448 3474 condam
475 3395 682 3477 Comitatus
707 3393 857 3496 Ugoosa
878 3421 950 3497 pro
973 3421 1136 3474 numero
1156 3395 1229 3470 Ju-

140 3502 271 3580 dieum
293 3499 491 3593 Nobilium
522 3495 808 3602 quadrifariam:
847 3502 1021 3602 Ugo-csa
1049 3498 1229 3577 var-me-

141 3607 245 3713 gye.)
273 3611 330 3684 Ex
348 3608 416 3681 illo
439 3605 577 3710 obtigit
598 3606 826 3710 Szelselyiis:
855 3603 1031 3707 Sigillum
1052 3605 1227 3683 Nationis

141 3715 344 3807 sicolinae,
367 3740 455 3788 cum
477 3732 584 3819 parte
605 3714 863 3819 inscriptionis
881 3714 1139 3817 Hungaricae:
1166 3711 1227 3790 Lo

141 3818 533 3924 ErdeliOrszagae
560 3817 647 3916 Hd;
674 3818 884 3896 Saxonibus
906 3829 1020 3896 vero':
1043 3816 1226 3922 ,Sigillum

142 3925 327 4006 Natiouis‘
358 3923 564 4026 saxoniae,
603 3951 690 4008 cum
720 3927 1026 4008 continuatione:
1072 3918 1151 4005 Ro
1173 3950 1223 4038 m.
