2752 4776
291 281 341 357 58

137 494 140 502 '
235 495 508 560 montanarum,
523 493 583 556 est
599 472 647 566 ad
666 474 900 554 Oaueausum
917 492 958 553 et
971 477 1253 585 Campestrium
1271 483 1316 560 ad

236 611 441 680 oceanum,
477 581 730 689 paludemque
766 581 990 680 Maeotiam,
1017 602 1057 660 et
1080 586 1317 687 reliquarum

113 726 116 733 ·
234 696 283 770 ad
302 693 460 768 Tanaim
492 716 614 791 usque
636 687 779 764 flumen
808 705 1016 784 terrarum,
1051 693 1203 794 regioni
1230 722 1316 787 suae

235 798 469 904 adjecerunt.
512 795 659 895 Exinde
679 793 899 870 fabulantur
919 793 1101 896 Scythae,
1128 800 1316 902 virginem

236 932 285 982 ex
304 922 406 981 terra
422 902 525 1010 apud
542 930 582 985 se
598 903 740 996 natum,
761 900 821 1005 cuj
828 927 870 975 us
887 899 1013 978 forma
1032 905 1184 1006 cingulo
1208 923 1316 982 tenus

233 1012 471 1104 foeminam,
520 1007 681 1089 inferius
737 1009 912 1113 viperam
956 1014 1315 1115 repraesentaverit.

234 1120 331 1197 Cum
362 1116 433 1193 hac
457 1116 595 1208 lovem
625 1139 893 1217 congressum,
927 1112 1093 1219 Scythen
1126 1121 1313 1220 genuisse.

188 1252 193 1262 ·
230 1222 288 1317 Is,
315 1224 515 1324 inquiunt,
539 1248 626 1298 cum
648 1247 741 1327 prae
760 1219 970 1323 majoribus
993 1225 1165 1328 apprime
1192 1227 1316 1301 clarus

221 1327 430 1422 *eraderem
468 1346 624 1430 gentem
651 1351 721 1403 suo
751 1328 908 1403 nomine
939 1329 1151 1430 insignivit,
1182 1372 1235 1390 --·
1261 1369 1316 1390 -

232 1461 282 1523 cx
305 1463 379 1538 qua
401 1434 516 1514 Sacae
541 1451 580 1511 et
598 1434 834 1537 Massagetae
867 1450 906 1507 et
933 1434 1141 1540 Arimaspi,
1170 1438 1314 1540 aliique

258 1543 361 1617 lures
384 1541 469 1616 aliis
493 1542 712 1616 nominibus
732 1541 935 1642 indigitati,
950 1543 1137 1643 originem
1158 1542 1314 1620 ducunt.

139 1724 143 1731 ,
229 1573 288 1741 Et
311 1648 368 1725 his
388 1645 616 1759 Scytharum
638 1647 852 1746 aborigines
875 1661 1038 1741 terram,
1067 1674 1143 1749 qua
1165 1649 1316 1727 Araxes

229 1752 400 1833 Mediam
420 1755 572 1848 lambit,
597 1756 774 1859 primitus
805 1752 1031 1848 obtinuisse3
1056 1756 1225 1857 indeque
1248 1785 1317 1831 ar-

228 1870 388 1958 morum*
406 1863 549 1957 uirtute
582 1862 623 1934 in
638 1865 814 1962 Europae
839 1884 925 1936 oras
958 1860 1007 1934 ad
1030 1879 1160 1937 ortum
1182 1881 1317 1938 extre-

229 1992 323 2061 mas,
352 1992 401 2043 ac.
418 1970 535 2053 maris
548 1968 673 2072 Caspii
695 1966 862 2045 litoralia
885 1963 1042 2044 diffusos
1064 1965 1194 2063 fuisse,
1220 1995 1316 2047 vero

229 2072 536 2159 simillimum-“‚
580 2079 583 2084 ’
1276 2083 1286 2095 “

350 2291 385 2391 ᾗ.
419 2287 483 2372 56.
520 2288 715 2394 Scythium
744 2290 1061 2386 vetustissimam,
1091 2296 1317 2396 cultumque

132 2422 135 2427 “
229 2397 452 2501 scythiano
465 2398 714 2502 sequentibus
727 2398 1024 2504 circumscripsit
1046 2400 1230 2477 limitibus
1239 2403 1317 2479 Ju-

230 2512 352 2592 atinus
375 2506 442 2593 lib.
456 2508 502 2583 11.
526 2530 607 2607 cap.
629 2501 889 2605 ll,‘„Scythia
908 2523 1036 2580 autem
1054 2505 1101 2580 ad
1122 2508 1316 2585 orientem

228 2630 405 2720 porrecta
427 2611 634 2703 includitur
656 2611 705 2685 ab
730 2637 806 2687 uno
828 2613 947 2687 latere
967 2612 1091 2690 Ponto
1115 2615 1237 2692 etub.
1253 2617 1320 2691 al-

230 2738 325 2797 tero⁴
339 2717 725 2824 montibusRipaeis,
752 2745 775 2792 a
802 2735 911 2820 tergo
931 2719 1021 2794 Asia
1047 2738 1086 2795 et
1105 2720 1215 2801 Phasi
1237 2720 1319 2797 flu-

229 2830 343 2904 mine.
372 2827 542 2903 Multum
559 2826 600 2900 in
617 2823 898 2928 longitudinem
918 2842 960 2900 et
978 2825 1220 2911 latitudinem
1242 2856 1318 2932 pa-

229 2950 296 3015 tet
325 2931 558 3013 Hominibus
581 2933 683 3010 inter
705 2954 746 3005 se
768 2930 863 3008 nulli
888 2929 999 3009 lines:
1028 2958 1155 3034 neque
1176 2961 1316 3038 agrum

231 3037 429 3130 exercent,
449 3060 584 3136 usque
613 3038 750 3119 domus
766 3038 846 3113 illis
869 3038 948 3114 ulla
968 3054 1035 3114 aut
1057 3055 1220 3136 tectum,
1240 3060 1323 3119 -aut

223 3143 338 3227 sodes
360 3163 433 3239 est3
461 3161 637 3232 armenta·
655 3159 694 3218 et
716 3169 854 3245 pecora
882 3171 1033 3252 semper
1058 3149 1316 3251 pascentibus,

231 3271 271 3331 et
292 3277 362 3355 per
389 3251 548 3333 inurltas
569 3249 797 3328 solitudines
821 3276 951 3330 errare
972 3252 1105 3330 solitis
1150 3255 1316 3348 Uxores,

227 3357 451 3461 liberosque
472 3363 602 3434 se‘cum
625 3359 666 3430 in
683 3356 860 3461 plaustris
881 3356 1044 3457 vehunt5
1065 3360 1219 3462 quibus,
1242 3387 1319 3458 co-

227 3466 297 3547 riis
318 3465 501 3549 imbrium
518 3463 731 3563 hiemisque
753 3491 864 3541 causa
887 3468 1012 3563 tectis,
1036 3495 1109 3572 pro
1135 3465 1317 3545 domibus

229 3568 429 3655 utuntur.‘·‘
457 3568 633 3672 Scythae,
648 3596 760 3675 >quos
778 3571 1001 3650 Herodotus
1023 3574 1194 3673 (Periclis
1217 3601 1317 3652 con·

159 3707 160 3711 ¹
228 3678 514 3784 temporaneus)
552 3681 662 3755 novit
701 3703 745 3753 ac
780 3676 1008 3782 descripsit,
1043 3681 1143 3756 inter
1175 3680 1318 3760 fluvios

152 3867 160 3884 ι
190 3807 192 3811 ’
228 3784 387 3868 Tanaim
422 3801 462 3860 et
491 3782 771 3885 Borysthenem
803 3786 1012 3888 agitabant:
1049 3787 1097 3861 ad
1139 3814 1318 3867 occasum

229 3889 337 3970 Istro.
355 3907 393 3969 et
413 3889 610 3970 Montibus
630 3891 856 3993 Agathirsiis
875 3892 1049 3996 (Daciae)
1068 3893 1320 3975 Neurorum-

231 4021 309 4097 que
340 3999 485 4102 populo
498 4051 510 4090 ,
547 3996 595 4072 ad
623 3997 781 4075 boream
815 3999 969 4077 deserto
1000 4026 1159 4102 magno,
1197 4028 1329 4111 supra,

230 4105 338 4206 quod
363 4103 677 4210 Anthropophagi
707 4123 747 4182 et
776 4104 1076 4202 Melanchlaeni,
1103 4109 1150 4184 ad
1183 4096 1324 4219 ortum
