2752 4776
138 313 255 438 aa

151 516 243 592 dum
276 515 423 607 arrisit,
456 510 615 605 welloe,
644 513 758 588 etiam
780 513 998 612 Wallones‚
1027 521 1075 597 ab
1103 523 1222 602 eadem

151 623 299 725 origine
324 620 445 696 dictos
472 619 789 725 conjecturatur.“

246 787 364 865 Ludit
395 791 529 886 etiam,
557 813 678 893 quum
695 789 914 893 Hungariae
941 814 1128 899 coaequat
1151 799 1222 873 An-

72 931 75 934 ·
149 897 312 1000 gariam,
336 895 398 1005 'de
429 927 506 1011 qua
528 896 924 975 idem'Conversionis
944 898 1140 979 Saxonum
1159 905 1223 978 Hi-

147 1005 308 1082 storic'us
330 1001 401 1079 ait:
430 1005 550 1105 ,Rex
570 1003 729 1080 Carolus
763 1003 851 1080 dein
875 1006 1166 1110 Angariam,
1190 1009 1221 1085 id

68 1167 70 1171 ψ
147 1127 210 1187 est
220 1102 381 1215 Engdre,
406 1102 449 1186 ce
478 1113 509 1185 it
533 1104 639 1217 prius
662 1110 859 1188 obsidione
873 1114 1064 1207 vallatam,
1095 1134 1133 1191 et
1152 1135 1222 1192 erat

145 1236 260 1324 caput
280 1219 398 1293 to'tiu's
415 1141 689 1321 Vllbstpbaliae,
718 1234 761 1291 ut
782 1216 882 1293 infra
902 1217 1062 1315 dicetur,
1086 1241 1125 1296 et
1145 1241 1221 1298 tunc

143 1323 755 1417 omnes.Saxonesoccidentales,
780 1326 911 1426 paucis
930 1327 1088 1420 relictis,
1109 1330 1221 1405 chri-

85 1475 90 1496 ι
143 1433 288 1508 stianos
310 1428 439 1504 fecit.“
455 1454 501 1533 p.
525 1430 587 1504 50.
617 1430 731 1505 Item:
759 1427 1085 1528 ‚,Wedichindus,
1113 1434 1220 1511 fidelis

141 1536 387 1631 christianus,
421 1534 518 1611 obiit
548 1534 635 1610 Vll.
656 1536 747 1611 Idus
777 1536 963 1630 ianuarii,
992 1556 1030 1614 et
1061 1545 1218 1645 sepultus

61 1662 65 1670 ’
140 1661 200 1719 est
222 1636 263 1718 i'n
284 1632 405 1720 oboro
430 1643 701 1725 canonicorum
713 1643 952 1744 regularium
976 1645 1015 1719 in
1037 1647 1128 1722 villa
1142 1649 1219 1723 An-

139 1751 294 1852 garia,
334 1751 480 1825 scilicet
510 1744 550 1822 in
570 1750 759 1850 Angaria,
787 1775 885 1850 quae
913 1769 996 1824 erat
1019 1754 1219 1861 principale

138 1872 306 1933 castrum
333 1858 452 1934 totius
480 1854 722 1949 Wcstfalire,
757 1873 849 1930 tuno
870 1853 1083 1934 saxoniam
1107 1891 1144 1967 p.
1168 1863 1217 1956 54,

235 2047 519 2128 Marcomannis
544 2076 566 2126 e
588 2047 747 2147 'Suevia,¹
760 2044 992 2127 Germaniae
1017 2049 1217 2157 provincia,

137 2159 324 2260 egressis,
354 2184 397 2234 ac
426 2159 538 2233 subin
560 2157 662 2232 illius
689 2155 856 2232 frontem
881 2159 1069 2235 orientem
1094 2185 1216 2236 versus

134 2263 418 2357 obsidentibus,
445 2261 685 2339 nec'idioma
715 2289 786 2340 nec
809 2263 918 2339 sodes
940 2291 1028 2340 cum
1049 2265 1215 2340 Cumanis

135 2368 264 2448 fueret
276 2372 490 2447 communis
497 2400 508 2463 3
529 2388 572 2445 ut
590 2369 688 2446 alios
712 2387 868 2458 taccam,
887 2370 1109 2448 Hrabanum
1121 2372 1217 2446 Mau·

132 2505 224 2555 ,rum
257 2478 304 2553 de
325 2478 549 2554 inventione
569 2479 768 2551 literarum
793 2478 1008 2552 audiamus:
1038 2479 1214 2571 „Literna

135 2585 282 2685 quibus
312 2601 473 2659 utuntur
502 2583 760 2658 Marcomanni
778 2638 788 2675 ‚
806 2624 809 2630 ·
826 2590 923 2682 quos
961 2612 1063 2659 nunc
1095 2585 1216 2662 Nord-

27 2753 28 2757 ,
74 2749 82 2764 .
138 2719 294 2766 mannos
328 2715 525 2781 vocamus,
561 2687 661 2762 infra
682 2691 841 2792 scriptas
864 2689 1065 2783 babemus,
1093 2722 1115 2765 a
1138 2693 1218 2791 qui*

138 2798 210 2872 bus
245 2799 435 2899 originem
469 2796 646 2886 trabunt,
685 2798 751 2894 qui
784 2795 1118 2872 Theodiscum
1157 2800 1217 2873 lo-

140 2906 404 3004 quuntur.“
431 2901 590 2999 Satine?
619 2903 723 2976 Alios
748 2901 834 2978 vide
856 2903 895 2976 in
919 2921 1006 2981 ortu
1017 2907 1217 3010 Eqiscopa-

142 3028 204 3086 tus
224 3009 438 3084 Nitriensis.

199 3266 202 3272 ,
237 3183 318 3260 Nec
343 3177 513 3273 Siculiae
542 3167 801 3282 (Szdlelysig)
831 3207 874 3256 ac
901 3179 1037 3258 Siculis
1054 3180 1220 3286 (satte-

141 3291 245 3395 lyel)
272 3288 507 3370 nostratibus
540 3314 628 3363 cum
647 3286 776 3363 Sicilia
797 3303 851 3388 et
873 3286 1061 3363 Sicilianis
1085 3293 1220 3387 ltaliae,

141 3400 342 3502 quidpiam
364 3418 598 3473 commune:¹
623 3397 931 3494 antiquissimum
956 3393 1068 3494 hujus
1087 3429 1221 3477 nomen

143 3513 318 3599 Σεχελια,
345 3499 450 3602 Scyl-⁶
470 3503 511 3574 in
530 3499 702 3576 Hudson.
725 3503 769 3573 G.
789 3501 842 3575 M.
860 3502 890 3573 Ι.
912 3506 945 3576 4.
970 3503 1030 3577 55.
1056 3503 1118 3578 56.
1150 3508 1222 3584 Ρο-

143 3615 222 3717 lyb.
252 3615 286 3706 l,
312 3612 359 3685 42
384 3605 617 3684 etc-Strabo
630 3607 698 3682 Vl.
724 3607 1057 3710 Stephanssizant.
1078 3640 1113 3686 ν.
1139 3612 1222 3689 599.

69 3797 78 3809 ,,
143 3739 212 3814 cto.
241 3717 387 3793 Latinis
423 3716 511 3790 binc
536 3712 682 3787 Sicilia:
719 3716 837 3788 Tacit.
868 3714 965 3790 Ann.
991 3717 1057 3790 IV.
1084 3720 1130 3793 13
1156 3739 1223 3796 etc.

92 3896 98 3909 x
143 3818 519 3902 Mela11.7.111.6.
557 3821 703 3895 Plinius
732 3821 779 3896 ΙΙ.
810 3821 856 3894 85
879 3832 962 3924 s'qq.
994 3822 1111 3898 Vocis
1133 3855 1224 3904 vero

140 3941 290 4007 Σεκελια
316 3926 426 4027 radin
453 3944 511 4020 est
537 3925 646 4001 Szalsl
677 3926 800 4025 (Szakl
823 3925 1079 4026 (Samecblel)
1108 3931 1227 4008 Zsido

141 4039 331 4140 oyelvben
343 4035 471 4127 boves,
484 4031 874 4126 koszirtestoszillts
893 4033 1091 4137 helyelriil
1112 4028 1227 4115 inon-

91 4153 97 4161 '
142 4145 260 4222 datii:
284 4141 446 4240 Tudom.
466 4141 594 4244 Gytjr.
620 4139 732 4218 1856.
744 4141 811 4218 IX.
834 4141 954 4222 toret.
978 4145 1037 4219 ll.
1056 4140 1100 4249 l.)
1125 4145 1228 4224 sici-
