2752 4776
376 1174 457 1253 Ad
509 1125 857 1252 Lectorem.

165 1468 314 1534 Gentium
337 1467 465 1554 quidem
484 1469 677 1555 singularum
700 1469 850 1556 origines,
871 1477 1066 1553 eventusque
1088 1469 1152 1552 pri·

67 1576 192 1656 maevi,
214 1563 310 1638 densa
333 1575 463 1638 obducti
481 1576 637 1662 caligine,
659 1574 815 1641 solertem
838 1576 1042 1639 Eruditorum
1064 1573 1152 1638 desi-

64 1681 180 1745 derunt
200 1681 475 1766 disquisitionem
497 1691 545 1743 ost
565 1703 614 1759 ea,
626 1702 708 1767 quae
722 1682 864 1745 Nutiouis
876 1687 1042 1768 Hungurae
1061 1692 1149 1758 suut,

64 1787 263 1874 Scriptorum
295 1787 550 1873 synchronorum
572 1787 703 1852 defectu
737 1811 773 1851 uc
795 1787 987 1866 sterilitate,
1011 1810 1152 1873 cumque

65 1894 215 1961 solennes
235 1898 356 1978 Regum
384 1904 566 1957 nostrorum
588 1902 622 1957 et
642 1894 775 1957 aliorum
801 1894 913 1958 literae
936 1917 976 1957 cx
1002 1893 1153 1956 archivo-

64 2021 137 2061 rum
159 1997 301 2060 teuebris
322 2016 419 2080 parce
438 1993 591 2057 duntaxat
613 2018 650 2059 ac
669 1995 870 2081 pedetentim
890 2007 1074 2082 emergant,
1095 2019 1150 2062 ex·

64 2114 201 2192 poscunt
220 2123 361 2188 quoque.

157 2237 238 2296 Utut
255 2233 320 2296 hoc
344 2230 377 2296 in
397 2234 513 2296 merito
538 2232 696 2317 Georgius
714 2233 819 2316 Pray‚
844 2232 1022 2316 Stephanus
1044 2237 1149 2300 Kato·
1261 2227 1263 2231 ¹

63 2361 121 2417 na,
143 2340 258 2403 Daniel
279 2339 451 2416 (tumidos,
474 2339 655 2401 immortale
678 2338 794 2403 sintin
820 2339 984 2422 republica
1004 2340 1148 2404 literaria

62 2467 182 2509 nomen
203 2447 382 2525 consecuti3
404 2446 479 2529 quia
498 2455 625 2524 tamen,
650 2445 735 2506 omni
759 2466 815 2508 sua
834 2446 1063 2520 contentione,
1086 2469 1147 2510 nec

62 2554 170 2616 fontes
199 2551 340 2636 singulos
359 2551 537 2635 attingere,
571 2571 629 2612 nec
660 2552 769 2612 omnio
798 2549 955 2611 tubuluriu
974 2561 1145 2632 penetrare

62 2668 231 2742 poterant:
254 2679 400 2742 campum
422 2655 566 2721 merendi
585 2655 823 2720 successoribus
854 2656 918 2717 suis
945 2645 1146 2741 reliquerunt

63 2763 302 2849 amplissimum·

156 2887 269 2951 Nescio
292 2897 396 2951 tamen
418 2909 484 2970 quo
505 2887 586 2962 lato,
609 2884 776 2970 provincia
798 2882 878 2948 hoec
892 2899 1043 2970 occupata
1060 2888 1146 2964 *huc-

62 2995 135 3057 dum
159 3004 207 3056 est
227 3017 246 3056 a
264 2994 402 3056 nemine.
446 2993 636 3057 Nationibus
660 2994 782 3056 cunctis
811 2991 1017 3071 cultioribus,
1041 2998 1143 3060 vesti-

15 3174 18 3181 *
61 3102 138 3187 gatis
157 3124 286 3164 suorum
309 3100 524 3178 incunabulis,
548 3099 709 3181 explicitis
731 3100 890 3177 fortunis,
925 3100 964 3161 ad
983 3103 1143 3186 cognitio-

61 3232 133 3272 num
144 3207 374 3287 Histpricarum
397 3207 555 3291 fastigium
570 3206 727 3283 eluctatis,
751 3229 811 3291 per
832 3216 988 3270 nostrates
1006 3233 1024 3271 a
1045 3211 1143 3274 trium

55 3319 202 3379 'virorum
236 3312 359 3398 epocha
387 3314 494 3377 nullus
524 3312 759 3397 propemodum
793 3313 855 3376 hoc
892 3312 923 3376 iu
954 3327 1141 3401 argumento

61 3427 161 3487 factus
185 3443 388 3507 progressus3
421 3421 660 3506 quaestiouibus
690 3433 781 3487 certe
805 3423 951 3506 plurimis
973 3423 1062 3486 locus
1089 3446 1144 3488 re·

61 3531 165 3596 lictus.

55 3693 62 3705 ·
91 3730 93 3735 ,
151 3663 352 3746 Propterea,
383 3657 471 3744 quod
498 3659 530 3721 io
551 3658 686 3722 alienam
711 3693 755 3709 ·-
783 3657 875 3744 juxta
896 3659 1022 3723 Ration.
1040 3657 1137 3722 Educ.

58 3771 152 3846 Tum,
169 3774 194 3833 Ι.
212 3792 243 3854 p.
268 3772 343 3833 31⁰.
360 3789 540 3830 -messcm
563 3767 679 3829 falcem
702 3767 885 3844 immittere,
911 3773 944 3830 in
962 3786 1138 3850 agrumque

57 3874 259 3940 Historicum
279 3871 440 3938 divertere
452 3875 716 3958 praesumserim3
740 3875 922 3958 posteritas,
935 3898 1026 3958 quum
1047 3876 1140 3938 unice

58 3981 273 4068 praemeferm
289 3979 430 4054 crimini,
451 4001 559 4064 spero,
582 3979 672 4042 dabit
696 3980 845 4043 minimo:
869 4003 926 4046 uec
947 3983 1030 4046 euim
1053 3982 1157 4048 viam·

59 4091 206 4155 laborum
234 4086 304 4150 aliis
326 4088 478 4168 obstruo,
510 4086 565 4152 sed
594 4089 776 4154 studiorum
809 4113 952 4154 meorum
970 4091 1141 4186 periclitam

58 4193 143 4260 tione
163 4198 311 4278 protero.
