2752 4776
201 336 249 412 76

144 531 278 608 denter
295 531 461 607 dubitari
485 558 563 608 non
578 547 726 638 potest,
755 530 844 608 huic
866 546 905 608 et
922 534 1034 612 alteri
1054 560 1216 641 peream

143 636 323 715 fundatae
343 640 557 745 Episcopali
588 640 667 714 sedi
688 639 774 715 illos
801 640 911 717 datos
933 640 1052 716 fuisse
1077 646 1217 745 episco-

142 771 232 851 pos,
270 746 336 844 qui
360 772 382 817 a
412 745 448 817 S.
468 747 675 823 Ambrosio
707 746 794 821 fidei
813 747 1029 824 Praecones
1054 751 1095 822 in
1121 748 1219 824 Mar-

143 853 380 928 comanniam
403 853 527 945 missi,
555 855 594 926 in
624 854 874 929 conversione
898 853 1000 928 illius
1021 856 1143 956 gentis
1166 856 1219 931 se-

143 958 207 1032 lici
228 984 315 1032 cum
331 984 508 1033 successu
527 959 802 1064 operabantur,
826 961 898 1034 viri
920 957 959 1032 hi
978 959 1219 1037 fuerantFre·

27 1071 33 1089 '
144 1065 237 1139 tella
262 1080 301 1138 ct
320 1063 458 1139 Sunius
480 1068 646 1155 nomine,
679 1067 792 1142 ambo
814 1067 1001 1170 Discipuli
1019 1066 1055 1138 S.
1078 1067 1219 1144 Docto-

144 1173 195 1245 ris
213 1169 484 1246 Ambrosii—
520 1170 700 1245 Sunias
733 1172 1005 1247 Nitriensis
1039 1177 1220 1249 constitu-

143 1279 240 1352 tus.“
266 1303 303 1381 p.
327 1278 492 1353 26-27.
520 1317 573 1333 -
601 1278 653 1378 4.)
676 1279 721 1353 In
745 1275 841 1352 hanc
867 1279 1097 1354 sententiam
1123 1281 1220 1355 abie-

143 1402 236 1461 runt
255 1384 371 1460 etiam
391 1383 633 1478 Desericius,
657 1383 715 1458 Sz.
734 1385 908 1477 Ivanius,
938 1380 1167 1463 Schmittius
1188 1412 1220 1460 ac
1243 1438 1246 1451 ·

144 1489 380 1586 Ganoczius,
413 1488 632 1597 Scriptores
652 1507 839 1568 nostrates
861 1491 1074 1596 perdocti.“
1109 1522 1148 1599 ρ.
1168 1496 1219 1570 42.

241 1709 273 1810 ᾧ.
287 1712 321 1786 5.
352 1709 466 1802 Quod
490 1711 657 1816 primum
677 1713 835 1817 respicit
855 1729 1134 1815 argumentum,
1161 1712 1220 1787 ob·

42 1906 44 1912 s
145 1817 330 1896 servanda
352 1819 463 1894 nobis
491 1817 687 1894 videntur:
727 1818 777 1918 1.)
801 1817 999 1920 Quidquid
1025 1821 1152 1895 certi
1182 1819 1222 1892 dc

144 1924 367 2026 Fritigildae
389 1926 545 2026 reginae
579 1924 626 1998 ad
654 1923 769 2001 fidem
791 1925 1042 1999 Clun‘stianam
1065 1951 1221 2001 conver-

145 2032 254 2108 sione
277 2031 390 2108 nobis
415 2047 584 2125 constat,
612 2031 759 2105 Paulini
787 2030 970 2123 Diaconi,
999 2030 1037 2103 S.
1056 2033 1223 2107 Ambro-

146 2138 193 2212 sii
215 2136 440 2240 Biographi,
468 2136 573 2212 hisce
592 2138 721 2212 verbis
743 2138 978 2213 continetur:
1006 2137 1107 2230 „Per
1132 2137 1222 2213 idem

143 2260 296 2348 tempus
321 2245 437 2342 (circa
467 2271 610 2318 annum
633 2244 775 2319 Christi
811 2232 914 2345 596)¹
933 2241 1083 2344 Fritigil
1110 2269 1223 2344 quae-

145 2348 233 2423 dam
257 2352 396 2452 ‘regina
427 2349 817 2444 Marcomannorum,
856 2374 976 2450 quum
1011 2378 1033 2424 a
1067 2349 1224 2451 quodam

145 2455 363 2532 Christiano
384 2458 481 2552 viro,
502 2459 568 2559 qui
583 2458 628 2531 ad
643 2459 749 2531 illam
768 2453 869 2531 forte
893 2481 941 2531 ex
958 2456 1092 2531 Italiae
1110 2458 1222 2562 parti·

144 2563 217 2638 bus
236 2562 455 2661 advenerat,
471 2563 663 2640 referente
677 2563 749 2637 sibi
764 2561 895 2638 laudes
913 2577 951 2636 et
968 2558 1109 2637 famam
1120 2564 1224 2637 Chri-

94 2716 96 2724 =
144 2672 192 2742 sti
217 2673 293 2748 viri
312 2670 539 2768 (Ambrosii)
563 2669 749 2761 credidit,
777 2667 885 2772 cujus
907 2669 1016 2742 illum
1039 2669 1225 2746 servulum

142 2772 441 2879 recognoverat,
477 2779 681 2879 missisque
717 2775 982 2852 Mediolanum
1010 2779 1226 2852 muneribus

144 2882 192 2955 ad
219 2883 427 2958 Ecclesiam
458 2910 528 2988 per
558 2883 704 2985 legatos
735 2881 960 2986 postulavit,
997 2897 1041 2954 ut
1077 2885 1225 2986 scriptis

111 2988 259 3080 illius,
288 2991 454 3087 qualiter
478 2989 635 3064 credere
656 2988 826 3082 deberet,
849 2987 1142 3084 informaretur.
1167 2986 1226 3063 ‘Ad

143 3118 261 3194 quam
288 3095 353 3167 ille
387 3095 587 3200 epistolam
618 3092 711 3170 fecit
745 3095 1051 3200 praeclaram-dn
1075 3094 1227 3170 modum

25 3235 29 3246 ·
144 3200 390 3295 Catachismi,
419 3205 458 3275 in
491 3226 567 3302 qua
591 3203 706 3275 etiam
735 3203 954 3307 admonuit,
981 3217 1026 3297 ut
1043 3202 1228 3278 suaderet

144 3309 251 3400 viro,
287 3306 469 3385 Romanis
501 3332 635 3414 pacem
665 3333 840 3404 servare,
868 3312 1121 3411 qua'ttc'copta
1148 3310 1228 3412 epi-

145 3415 241 3488 stola
274 3413 389 3514 (quae
418 3420 520 3508 inter
537 3415 812 3491 Ambrosianus
840 3411 1090 3512 desideratur)
1115 3415 1229 3489 suasit

144 3522 245 3613 viro,
268 3535 311 3593 ut
332 3547 419 3596 cnm
441 3525 590 3627 populo
613 3549 681 3596 suo
704 3548 743 3596 se
763 3519 933 3595 traderet
951 3519 1229 3593 Romanls'“···

145 3626 214 3705 His
234 3625 382 3729 Fritigil
405 3654 559 3703 accensa
580 3629 627 3703 ad
649 3629 775 3702 virum
791 3627 864 3702 Dei
883 3623 1124 3704 invisendum
1146 3627 1232 3700 Mc·
1253 3620 1255 3625 ⁸

143 3730 341 3808 diolanum
372 3733 588 3827 festinavit3
626 3749 684 3807 ast
712 3733 813 3808 hunc
836 3736 1061 3834 neutiquam
1085 3737 1232 3839 reperit

145 3842 405 3943 superstitem:
441 3843 757 3937 ;,Cum'''v'enisset
783 3839 1065 3931 Mediolanum,
1093 3866 1232 3943 prose-

147 3948 279 4044 quitur
295 3947 493 4039 Paulinus,
520 3947 733 4051 plurimum
763 3946 904 4037 doluit,
933 3943 1038 4046 quod
1060 3964 1230 4019 sanctum

98 4092 101 4098 ·
147 4052 401 4149 sacerdotem,
430 4052 476 4127 ad
497 4051 614 4154 quern
637 4053 864 4144 destinarat,
892 4052 1047 4126 minime
1070 4075 1233 4157 repere-

146 4156 272 4233 risset:
306 4159 384 4270 jam
405 4162 506 4234 enim
529 4160 577 4233 de
601 4158 670 4232 hac
690 4159 774 4234 luce
797 4158 1060 4260 migt·arerat.“
1132 4190 1135 4195 ·
1236 4194 1240 4204 ·
