2752 4776
63 357 92 407 a
199 273 336 393 24'

143 497 306 576 rbaei:
334 497 589 602 „reliquiae
613 491 1114 585 Amorrbacorumllll.
1131 496 1223 602 lleg

54 704 55 707 Ἴ
96 653 98 658 ·
118 606 219 700 (21,
241 608 275 679 2.
297 601 367 679 111.
386 601 482 707 Reg.
500 601 540 698 9,
566 604 627 679 21.
656 604 951 707 Gergesaei:
971 602 1120 701 ILEsd.¹
1140 605 1221 700 9,8.

141 708 187 788 In
217 734 321 788 novo
349 706 507 814 quoque
539 727 765 788 testamento
793 711 950 787 nomine
985 713 1223 814 Gergeaeno-

139 815 391 918 rum2Matth.
412 820 448 911 8,
473 820 533 891 28.
562 815 618 891 cf.
643 819 705 897 54.
734 813 962 895 Hcttbaei
986 818 1074 895 Jud.
1098 816 1219 913 1,'26.

138 927 422 1025 Immanserunt
446 929 524 1000 auis
545 922 716 999 sedibus:
738 921 786 1000 ΙΙ.
809 947 888 1023 reg.
910 923 981 1020 11,
1011 923 1047 1000 5.
1076 920 1111 998 6.
1142 925 1221 999 Da-

142 1029 225 1123 vidi'
239 1022 329 1105 facti
346 1029 538 1105 tributarii
557 1028 629 1106 Ill.
647 1028 743 1131 Reg.
761 1027 807 1122 9,
826 1031 887 1104 20.
907 1027 955 1104 cf.
967 1030 1044 1127 1ll,
1065 1030 1099 1123 1.
1116 1028 1221 1106 Suis-

141 1154 222 1213 met
243 1133 484 1242 principibus
509 1135 686 1213 obnoxii:
708 1134 774 1211 111.
784 1161 864 1236 reg·
887 1134 956 1229 10,
974 1135 1040 1213 29.
1062 1133 1187 1215 libre
1211 1193 1229 1210 ..

124 1321 127 1325 ,
136 1245 164 1425 ἔ
175 1258 188 1337 3
202 1239 256 1425 Ibi.
292 1223 373 1319 Sub
403 1243 622 1350 captivitate
651 1265 809 1347 quoque
828 1234 1051 1344 Babilonlca
1074 1239 1110 1319 l
1135 1162 1210 1327 Ead

155 1404 183 1451 ,a
252 1405 262 1427 ·

150 1651 155 1660 Ι
232 1561 266 1664 ξ.
284 1567 313 1662 12
321 1567 354 1650 2.
394 1563 492 1653 Cum
523 1559 776 1664 irrefragabili
801 1559 870 1638 bac
881 1562 1069 1652 {codicum
1090 1588 1218 1640 sacro·

126 1695 224 1751 ‚rum
245 1673 470 1747 auctoritate
492 1669 653 1744 arduum
674 1670 831 1745 omnino
854 1686 930 1766 est,
956 1670 1138 1774 Procopii
1160 1686 1218 1744 te—

130 1779 360 1867 stimoniam
393 1778 616 1855 conciliare:
644 1774 780 1875 quide
802 1774 903 1850 bello
923 1772 1134 1850 Vandalico
1153 1776 1217 1850 lib.
1250 1806 1251 1809 ¹

133 1883 183 1974 ll.
210 1892 291 1987 cap.
312 1885 362 1957 X.
396 1883 531 1958 tradit:
559 1882 691 1976 „Tunc
722 1884 904 1984 temporis
930 1879 1127 1980 (ducatum
1148 1881 1219 1954 Jo-

133 1990 221 2084 sue‘,
244 1989 325 2081 filio
352 1987 478 2080 Nave,
492 1985 676 2089 gerente)
707 1987 895 2062 maritima
918 1987 1040 2063 omnis
1063 1987 1173 2088 regio
1196 2016 1217 2062 a

121 2093 280 2191 *Sidone
301 2091 349 2167 ad
368 2093 535 2197 Aegypti
562 2093 672 2196 fines,
700 2092 890 2170 Phoenice
911 2092 1129 2193 dicebatur,¹
1148 2103 1224 2169 nec'

132 2202 205 2276 nisi
229 2226 350 2275 unum
379 2202 433 2274 ibi
454 2199 571 2274 fuisse
592 2199 784 2300 quondam
804 2226 955 2302 regem,
979 2196 1216 2290 confessione

133 2307 315 2387 omnium.
331 2323 497 2400 constat.
519 2305 586 2405 qui
608 2304 655 2380 de
670 2303 910 2381 Phoenicum·
926 2306 1215 2404 antiquitatibus

132 2406 331 2516 scripsero.
362 2413 467 2505 ‚Illic
489 2428 619 2513 gentes
650 2437 812 2487 numero
838 2410 1069 2485 abundantes
1095 2409 1216 2514 deger-

130 2516 245 2614 bant,
270 2519 449 2614 Geretaei
484 2536 524 2594 et
543 2515 740 2610 lebusaei,
769 2518 939 2616 aliaeque
962 2518 1047 2599 aliis
1069 2517 1215 2593 discre-

122 2644 193 2724 tae
217 2625 437 2701 nominibus
469 2625 509 2698 in
537 2624 803 2700 Hebraeorum
824 2623 1005 2700 Historia.
1058 2621 1112 2704 At
1146 2624 1211 2698 ubi

124 2731 289 2829 Ducem·
312 2731 495 2831 adranam
528 2731 630 2805 rinei
662 2755 742 2805 non
774 2755 886 2832 posse
921 2727 1212 2827 intellexerunt,

122 2840 263 2937 ¹1elicta
284 2840 409 2940 patria
441 2841 481 2910 in
498 2837 722 2940 Aegyptum
752 2837 1028 2919 conterminam
1049 2838 1212 2926 commi-

129 2961 300 3044 grarunt.
325 2990 377 3005 -
399 2943 481 3027 Hic¹
494 2943 580 3017 loco
602 2967 683 3013 non
704 2942 870 3036 invento,
887 2944 963 3043 qui
987 2939 1094 3017 sedes
1116 2941 1210 3046 ipsis

128 3048 220 3122 satis
231 3048 321 3123 latas
331 3050 544 3153 praaberet,
563 3049 604 3120 in
612 3044 783 3134 Africam
805 3065 1082 3140 concesserunt,
1094 3072 1210 3147 quam

126 3171 249 3231 totam
279 3178 402 3255 usque
432 3156 480 3232 ad
504 3154 699 3235 columnas
718 3153 925 3229 Herculeas
947 3152 1209 3247 obtinuerunt,

127 3260 336 3360 multisque
361 3258 721 3351 urbibuseonditis,
746 3259 1049 3359 frequentarunt.
1079 3257 1209 3338 Phoe-

4 3455 6 3460 ·
123 3367 256 3466 ¹uicum
275 3367 406 3468 lingua
431 3371 544 3451 etiam
567 3392 667 3443 nunc
691 3383 851 3440 utuntur
873 3366 1029 3442 incolae.
1058 3366 1226 3441 Castcl-'

124 3473 207 3564 lum
235 3498 391 3576 quoque
413 3488 634 3551 struxerunt
655 3473 696 3544 in
720 3473 815 3547 urbe
834 3468 1033 3564 Numidia,
1061 3472 1128 3545 ubi
1151 3487 1208 3548 est

123 3578 216 3679 urbs
249 3574 447 3680 jamdicta
466 3579 610 3683 Tigisis.
648 3577 707 3651 lbi
728 3576 946 3656 ad'fontem
966 3576 1208 3661 uberrimum

81 3735 90 3756 .
126 3687 327 3767 columnae
359 3714 380 3762 e
414 3688 539 3792 lapide
570 3683 730 3760 candido
764 3686 937 3762 visuntur
962 3685 1058 3759 duae
1071 3708 1083 3784 εἰ
1108 3709 1206 3783 quae
1255 3681 1260 3692 '

83 3863 85 3866 ,
125 3791 291 3869 incisum
309 3791 551 3887 ,Phoenicum
591 3790 711 3868 literis
734 3808 787 3866 'et
818 3791 946 3868 verbis
979 3792 1207 3868 sententiam

124 3894 223 3974 banc
255 3891 425 3979 servant:
462 3899 541 3974 Nos
572 3923 722 3994 sumus,
757 3899 825 3997 qui
854 3896 1023 3999 fugimus
1053 3926 1075 3971 a
1107 3894 1204 3970 facie

120 4000 213 4088 lesu
236 4005 413 4104 latronis,
440 4008 506 4084 filii
531 4003 673 4083 Nave.“
729 4002 925 4082 Sententia
944 4002 1037 4083 baec
1057 4009 1096 4080 in
1116 4000 1205 4080 the-

121 4134 275 4190 saurum
301 4111 653 4224 quoquedtepbani
676 4131 715 4192 et
735 4112 828 4191 alios
851 4112 1009 4191 transiit.
