2752 4776
305 337 355 417 46

252 536 398 618 tissima
419 535 552 626 lectio:
580 559 668 611 nam
692 536 783 612 alias
805 529 1326 636 Vexoremffiesostremllli·

249 674 304 723 no
337 642 592 741 antiquiorem
610 640 728 718 firisse
748 642 896 718 falsum.
925 641 1024 719 Vide
1043 643 1104 716 Ru
1133 661 1260 720 ertum
1282 640 1328 720 ad

248 748 403 828 Besoldi
437 745 654 854 Synopsim.
694 746 873 825 Scheffer.
925 752 1077 835 Erravit
1104 672 1256 852 l'rogus
1287 749 1325 821 in

250 860 401 936 ratione
428 855 627 960 temporis,
659 895 711 912 -
747 856 895 933 Ctesias
918 856 1095 961 probavit
1117 856 1326 932 Historiam

250 964 447 1065 Assyriam
465 960 720 1058 falsissimam,
745 988 866 1065 aeque
890 987 933 1036 ac
952 964 1080 1039 ceteri.
1126 964 1224 1039 cum
1244 963 1327 1038 satis
1348 981 1349 985 ’

249 1089 357 1149 certo
386 1086 535 1147 constet
563 1093 652 1145 cum
682 1095 730 1146 ex
760 1070 909 1147 silentio
941 1067 1183 1175 Scriptorum
1211 1069 1326 1144 Anti-

307 1176 544 1271 issimorum,
580 1173 721 1271 Moiis,
747 1177 929 1253 Auctoris
959 1175 1049 1251 libri
1068 1177 1228 1269 iosuae,
1255 1175 1331 1249 Ju-

189 1331 192 1340 ·
249 1206 396 1377 ddum,
416 1281 612 1379 Samuelis,
634 1282 813 1377 Homeri,
835 1285 902 1385 qui
920 1283 949 1359 si
970 1299 1049 1358 tam
1066 1282 1213 1358 illustre
1230 1277 1327 1354 fuis-

250 1408 312 1468 set
344 1389 593 1490 Assyriorum
619 1391 847 1495 imperium,
883 1406 928 1464 ut
954 1390 1072 1464 totius
1098 1391 1213 1465 Asiae
1245 1383 1325 1463 iere

194 1524 198 1534 ¹
248 1525 321 1604 per
341 1513 490 1572 tantum
510 1512 659 1601 tempus
678 1495 798 1574 fuerit
818 1497 996 1602 potitum,
1018 1523 1096 1572 non
1116 1495 1328 1602 potuissent

205 1676 209 1696 ,
249 1631 329 1680 non
352 1602 693 1705 ejus-mentionem
711 1602 866 1699 facere,
896 1609 973 1676 nec*
999 1603 1100 1707 passi
1122 1611 1250 1679 'essent
1272 1599 1324 1675 illi

249 1727 330 1786 tam
358 1726 537 1814 potentes
563 1735 694 1812 reges,
729 1724 775 1783 ut
805 1734 941 1786 eorum
970 1706 1171 1813 praefecti,
1198 1708 1328 1812 impu-

249 1844 300 1894 nc
323 1816 395 1890 sibi
427 1816 535 1919 eripi⁴
549 1813 832 1893 florentissimas
862 1814 1040 1916 regiones
1061 1813 1100 1914 (a
1114 1813 1251 1915 iosus)
1273 1813 1327 1885 si-

152 1938 155 1942 '
247 1937 402 2015 nerent,
431 1940 514 1997 tum
542 1948 591 1997 ex
619 1922 837 1998 testimonio
856 1918 1063 2014 Herodoti,
1090 1920 1158 2020 qui
1177 1920 1280 1996 libro
1297 1917 1325 1992 l.

247 2027 365 2104 tradit
375 2025 668 2102 Semiramidem
686 2028 857 2130 quinque
870 2028 1136 2126 generationes
1154 2018 1327 2122 floruisse

249 2148 336 2210 ante
352 2132 545 2226 Nicoma,
571 2142 733 2209 matrem
752 2131 952 2234 Labyniti‚
980 2158 1097 2234 quem
1115 2132 1239 2232 Cyrus
1265 2131 1327 2204 vi-

35 2232 38 2239 ’
122 2317 126 2331 ,
247 2242 317 2334 cit,
353 2239 426 2314 boc
458 2253 514 2314 est
537 2236 708 2316 ducentis
728 2240 836 2313 annis
861 2255 948 2314 ente
971 2239 1137 2340 Cyrum,
1163 2261 1328 2340 regnum

142 2343 145 2348 ’
246 2345 495 2446 Assyriorum
514 2361 597 2421 tum
612 2343 783 2423 nondum
802 2342 931 2439 fuisse,
948 2371 1035 2421 cum
1055 2345 1209 2420 athsia
1230 2343 1327 2433 scri·

244 2452 352 2528 bitur
384 2448 556 2527 deletum
588 2450 716 2530 fuisse.
755 2450 806 2508 -ὲ
842 2450 1046 2528 Sesostrim
1074 2473 1164 2525 cum
1194 2475 1327 2552 regem

245 2583 348 2651 esse,
376 2559 443 2657 qui
472 2559 514 2631 in
541 2557 707 2636 obelisco
729 2555 829 2662 apud
845 2557 1031 2635 Ammian.
1058 2555 1327 2635 Marcellinum

246 2664 389 2741 dicitur
405 2664 623 2761 Ramestcs,
650 2666 696 2741 ab
715 2664 880 2741 Eusebio
909 2682 950 2740 et
971 2661 1141 2766 Josepbo
1161 2659 1327 2739 Rames-

246 2771 317 2866 sis,
345 2800 367 2846 a
392 2768 624 2848 Manethonc
651 2771 815 2864 Setosis3
841 2788 945 2848 recte
967 2771 1181 2848 docuerunt
1203 2768 1325 2844 Scali-

244 2891 315 2982 ger
344 2877 392 2952 ad
421 2879 646 2973 Eusebium,
673 2897 713 2955 et
733 2875 782 2950 H.
807 2877 983 2954 Valerius
1009 2878 1058 2953 nd
1078 2875 1325 2953 Ammianum

244 2979 524 3059 Marcellinum.
560 2984 678 3060 latum
697 2983 902 3061 Sesostrim
921 3001 1047 3061 autem
1069 2981 1250 3059 Sesocum
1275 2985 1324 3057 il-

240 3092 337 3184 lum,
360 3090 424 3189 qui
445 3092 634 3195 templum
649 3089 1040 3193 Hierosolymitanum
1058 3088 1228 3196 diripuit,
1253 3087 1324 3164 du·

234 3197 369 3274 'bitere
401 3222 472 3272 nos
496 3220 576 3275 non
601 3197 751 3290 sinunt,
780 3223 878 3298 quae
899 3196 1169 3275 Nobilissimus
1196 3194 1324 3271 Mars-

241 3303 374 3380 bamus
405 3304 452 3378 de
486 3301 568 3406 ejus
582 3303 717 3379 Aetate
748 3302 788 3375 in
801 3304 1082 3410 Aegyptiorum
1103 3296 1337 3380 Chronolo·¹

244 3409 307 3515 gia
327 3408 532 3514 ditputavit
552 3426 726 3489 accurate
747 3408 787 3482 in
796 3409 990 3519 Aegyptio
1013 3411 1195 3500 canone.“
1218 3411 1323 3488 Idem

241 3517 402 3594 Graece.

338 3733 372 3836 ᾗ.
384 3734 446 3809 44.
475 3721 605 3814 cume
626 3736 812 3813 sententia
821 3733 1025 3842 scriptoris
1034 3732 1082 3812 H.
1092 3733 1321 3818 Parthorum

241 3857 348 3920 ortus
378 3839 540 3920 Sesostri
567 3843 676 3936 huic,
713 3843 992 3950 Aegyptiorum
1015 3843 1116 3946 regi,
1137 3842 1321 3923 debeatur

218 3946 276 4049 ᾗ.
300 3947 356 4046 6.·;
375 3949 407 4024 is
426 3977 539 4044 vero,
567 3951 597 4027 si
617 3948 719 4026 idem
737 3967 812 4045 est,
839 3950 906 4052 qui
925 3949 1132 4028 Ammiano
1153 3949 1321 4044 Marcel-

239 4055 322 4145 lino
340 4054 549 4152 Remestes,
574 4055 741 4136 Eusebio
765 4085 808 4136 ao
823 4052 994 4162 Josepbo
1011 4057 1320 4140 FlaviosRames-
1352 4086 1355 4092 ·

240 4160 305 4260 sis,
317 4161 469 4263 dicitur,
491 4162 816 4270 Amenopbisqui
839 4162 1018 4242 israelitis
1037 4160 1320 4259 excedentibus,
