2752 4776
201 328 272 401 122

144 514 300 606 mitatu,
340 535 463 611 aquo
494 526 550 586 et·
577 509 853 613 Episcopatum
877 508 1068 584 nominari
1076 562 1088 601 ,
1126 524 1167 583 et
1191 508 1257 586 it·

142 647 221 723 quo
255 618 454 698 civitatem
489 616 670 718 Episcopi
703 639 783 691 esse
819 615 967 706 voluit,
1003 617 1070 691 rix
1088 613 1257 717 aliqui&

142 723 333 800 haberet?
363 724 476 798 Certe
507 722 723 798 Hartwicus
748 721 796 796 de
828 721 865 796 S.
895 717 1110 824 Stephano,
1137 721 1257 825 Epi—

143 848 320 935 scopatus
346 825 551 924 fundante,
571 830 626 900 ita
646 829 775 902 scribit
798 827 893 932 (cap.
916 830 976 926 2.):
1004 831 1119 931 „Ipse
1138 853 1257 912 rer(

142 964 212 1012 rex
232 936 437 1038 Episcopia
457 961 583 1038 nuper
604 935 771 1036 incepta,
799 951 875 1007 tam
895 933 1073 1010 videlicet
1090 933 1257 1008 Archi-

144 1031 425 1148 episcopalem,
452 1066 568 1140 quam
582 1066 713 1115 omnes
734 1041 922 1117 Ecclesiae
939 1098 949 1136 ,
968 1039 1117 1143 ampli
1132 1041 1196 1115 ssi
1220 1086 1257 1102 -

144 1176 261 1225 mam
302 1148 459 1249 singulis
495 1149 689 1246 assignans
714 1148 951 1240 Dioecesim,
974 1147 1257 1248 -regaliter

144 1255 371 1357 disposuit.“
408 1246 498 1328 Non
522 1253 634 1328 video
663 1278 961 1353 prorsus„quo
993 1251 1112 1337 modo
1141 1256 1250 1358 Epi-

144 1377 324 1461 scopatus
353 1359 584 1453 NitriensiS,
624 1360 706 1436 solo
734 1359 998 1459 Trencsinensi
1023 1360 1239 1458 Comitatu,

20 1552 24 1563 ,
146 1486 185 1542 et
209 1468 272 1538 vix
301 1463 429 1566 aliqua
452 1484 564 1568 parte
584 1465 789 1540 Nitriensis
820 1463 1062 1559 Provinciae,
1091 1464 1234 1541 conlla-

148 1591 232 1663 tus,
251 1598 349 1649 cum
373 1570 548 1646 Hartuici
579 1574 797 1649 testimonio
821 1573 1011 1647 conciliari
1032 1574 1174 1675 possit,
1200 1576 1226 1645 si

145 1680 178 1751 is
202 1676 250 1751 ab
270 1675 475 1782 'Stephano
506 1680 681 1753 conditus
700 1697 766 1753 aut
793 1680 1024 1753 instauratus
1048 1678 1130 1753 sit?
1158 1680 1222 1753 Cur

145 1802 347 1887 praeterea
375 1783 548 1872 'noluerit
568 1784 615 1859 de
645 1785 856 1877 Ecclesiae,
884 1784 944 1860 cui
967 1811 1146 1889 sponsam
1164 1784 1219 1858 de-

145 1892 224 1983 dit,
250 1892 340 1988 dote
360 1948 370 1984 ,
390 1916 433 1963 ac
463 1892 682 1996 Praeposito
713 1890 944 1997 providere?
964 1932 1020 1949 -
1047 1891 1212 1969 Annaea

82 1998 85 2002 ’
144 2026 222 2073 non
258 1996 440 2090 suadent,
479 1998 787 2100 Praeposituram
817 1999 868 2072 in<
894 2001 1132 2103 Episcopen,
1157 1998 1217 2072 mi-

147 2130 285 2204 grasse,
300 2105 565 2204 Praepositum
582 2101 724 2178 factum
736 2104 853 2179 fuisse
866 2109 1122 2208 Episcopum,
1141 2131 1216 2211 pro-

145 2208 233 2283 inde
249 2210 492 2308 collegiatam
514 2207 584 2281 sub
609 2207 645 2282 S.
665 2237 755 2310 rege
778 2213 984 2287 Ecclesiam
1007 2213 1118 2288 subin
1141 2237 1216 2287 con-

114 2338 296 2392 ¹uersam
333 2313 449 2390 fuisse
476 2317 516 2388 in
542 2315 830 2392 cathedralem?
867 2319 967 2393 Hinc
996 2319 1149 2411 nullus,
1182 2313 1217 2390 ad

17 2412 22 2421 ’
146 2440 277 2498 nostra
303 2448 424 2520 usque
450 2438 624 2526 tempora
657 2425 826 2528 capitulo
851 2422 1035 2498 Nitriensi
1062 2428 1217 2528 Praepo-

147 2531 264 2622 situs,
294 2529 382 2602 hinc
410 2531 508 2602 aucti
537 2529 593 2602 illi
612 2528 752 2604 limites
774 2531 1022 2624 Dioeceseos,
1054 2549 1093 2607 et
1111 2530 1218 2606 tenuis

145 2637 186 2707 in
206 2637 397 2738 principio
418 2653 626 2736 proventus
649 2634 712 2730 (cf.
735 2636 1005 2735 Donationales
1024 2637 1218 2738 Geysaell.

61 2777 64 2781 ·
140 2757 185 2817 ‘et
218 2742 332 2816 Belae
359 2742 463 2817 Ill-ii
502 2745 540 2813 in
575 2742 731 2840 Codice)
761 2743 1007 2846 locupletati“
1034 2745 1230 2834 Diatribe,

63 2920 65 2925 .
144 2877 181 2951 p.
206 2839 347 2925 4145.
365 2850 442 2942 „Si,
462 2847 557 2923 libet
575 2849 673 2920 ultra
686 2874 893 2949 quaerere,
912 2851 1117 2926 Nitriensis
1138 2851 1220 2953 Epi-

147 2972 327 3055 scopatus,
343 2953 565 3057 aStephano
586 2953 760 3028 conditus
778 2972 854 3049 est,
876 2960 940 3058 qui
954 2957 1016 3050 fit,
1036 2958 1222 3042 utZobo-

145 3060 282 3133 riensis
311 3061 477 3134 Abbatia
505 3058 690 3134 dioecesis
713 3058 984 3162 Strigoniensis
1012 3061 1132 3140 fuerit
1159 3057 1220 3158 (Cf.

147 3165 423 3239 Collectionem
442 3163 676 3240 Pontificiam
693 3164 740 3241 de
754 3194 853 3263 anno
875 3168 1012 3267 testu
1038 3172 1119 3247 Etsi
1132 3170 1222 3247 enim

147 3267 184 3343 S.
209 3270 294 3345 Rex
327 3273 436 3376 plura
460 3274 542 3349 loca
566 3298 671 3346 sacra
699 3300 747 3347 ex
772 3273 1038 3375 jurisdictione
1070 3278 1222 3381 Episco-

146 3403 286 3480 porum
313 3381 519 3469 exemerit,
548 3396 591 3452 ut
617 3380 921 3482 Praeposituram
944 3381 1172 3479 Albensem,
1189 3398 1223 3456 et

146 3483 349 3560 Abbatiam
377 3484 412 3557 S.
444 3485 598 3557 Martini
627 3484 769 3560 Montis
790 3485 1038 3583 Pannoniae,v
1065 3517 1143 3565 non
1169 3507 1223 3563 ta-

145 3613 235 3662 men
260 3588 402 3666 idoirco
415 3592 868 3694 PraeposituraAlbensis
881 3593 992 3684 desiit
1008 3621 1089 3672 esse
1110 3598 1222 3670 Dioe-

97 3729 101 3738 ·
148 3698 242 3773 cesis
261 3695 612 3800 Wcszprimiensis,
640 3699 736 3772 sicut
755 3699 1003 3775 necAbbatia
1026 3700 1063 3774 S.
1088 3702 1223 3777 Marti-

147 3803 187 3874 ni
207 3803 388 3879 dioecesis
410 3803 670 3896 laurinensis,
698 3803 745 3877 ad
765 3829 858 3904 quas
882 3806 930 3879 ab
950 3809 1005 3882 sui
1026 3825 1116 3882 ortu
1136 3837 1222 3912 per-

146 3907 330 3985 tinebant.
361 3910 487 3999 Quare
510 3909 611 3984 idem
631 3910 678 3988 de
702 3910 864 4012 Abbatia
890 3913 1122 3990 Zoboriensi
1144 3915 1222 3991 exi-

147 4013 374 4092 stimandum
395 4035 462 4093 est.
496 4016 594 4092 Nam
611 4020 641 4090 si
665 4017 791 4094 solum
817 4045 837 4090 a
860 4015 1126 4119 jurisdictione
1139 4022 1222 4126 Epi·

148 4122 254 4221 scopi
283 4121 487 4200 Nitriensis
510 4139 682 4218 exemm,
718 4139 758 4203 et
787 4119 1041 4228 jurisdictioni
1074 4126 1221 4231 Strigo-
