2752 4776
308 354 358 432 54

252 553 331 628 lc.
360 545 570 626 Confirmat
589 547 809 624 Herodotus
838 548 903 624 lib.
923 551 951 624 Ι.
982 550 1043 624 67.
1070 539 1244 654 „Pelasgi
1265 577 1331 626 ur⁶

251 659 342 734 bem
360 657 581 731 Crestonem
597 655 992 759 incoluntaliquando
1015 655 1165 732 finitimi
1186 683 1330 755 eorum,

253 765 320 864 qui
347 790 449 838 nunc
464 763 671 839 Dorienses
697 781 899 857 vocantur,
928 779 967 838 et
985 763 1149 838 Placiam
1180 782 1220 838 et
1238 764 1331 868 Scy-

252 870 380 963 lacen3
406 910 449 926 -
480 868 625 971 Pelasgi
645 869 910 946 habitaverunt
923 872 968 941 in
985 869 1246 974 Helesponto,
1266 873 1329 974 qui

250 977 478 1052 contermini
497 976 789 1054 Atheniensium
803 975 977 1070 fuerunt3
997 1015 1052 1031 -
1078 977 1179 1052 Gens
1194 978 1331 1075 Attica,

250 1087 384 1185 utpote
417 1084 629 1184 Pelasgica‚
664 1109 763 1186 quae
794 1085 834 1157 in
854 1084 1032 1159 Hellenas
1058 1085 1245 1160 transiit.“
1278 1124 1331 1145 -

224 1190 416 1284 „Gentes
442 1192 574 1292 prisco
603 1206 780 1296 tempore
805 1187 1192 1295 praeferebantur(i1i
1211 1194 1330 1269 Grae·-

250 1295 324 1394 cia)
338 1297 458 1371 altera
469 1297 677 1398 Pelasgicis,
704 1298 819 1374 altera
839 1296 1056 1390 Hellenica3
1083 1322 1250 1397 quarum
1269 1300 1329 1375 illa

248 1428 448 1505 nunquam
476 1403 544 1477 illo
564 1403 648 1479 solo
670 1405 865 1481 excessit“
884 1401 927 1476 L.
947 1402 977 1478 Ι.
996 1401 1058 1476 56.
1085 1404 1328 1509 Pelasgi'Ar-

250 1510 327 1608 givi
347 1508 457 1584 subin
473 1510 514 1582 in
532 1510 703 1605 Danaos,
732 1510 848 1585 Attici
877 1512 917 1582 in
932 1509 1113 1587 Hellenes
1138 1515 1326 1589 transive-

247 1631 349 1689 rantt
374 1614 600 1721 „Euripides
622 1617 664 1691 in
681 1615 872 1694 Archelao
893 1618 965 1692 ait:
983 1644 987 1654 ·

392 1790 538 1866 Danaus,
560 1787 616 1872 qni
637 1785 865 1874 quinquaginta
884 1784 995 1872 gennit
1016 1784 1107 1866 filias,
1163 1846 1167 1871 2
1194 1774 1198 1778 ’
1237 1865 1241 1871 Α

384 1895 497 1977 Argos
518 1893 683 1977 profectus
694 1934 704 1967 ,
727 1893 840 1955 urbem
864 1889 1008 1954 condidit
1028 1888 1148 1970 Inachi,

394 1996 587 2083 Pelasgiotas
608 1996 726 2080 hicque
747 1996 850 2061 dictos
863 2007 979 2077 antea,
1059 2084 1062 2089 Ι

391 2105 518 2167 Danaos
537 2102 650 2168 uocari
670 2101 798 2192 jussit.“

246 2258 386 2336 Strabo
415 2258 442 2335 l.
468 2256 521 2334 V·
573 2314 582 2332 .
612 2258 700 2335 221.
736 2259 863 2353 „Gens
877 2257 1024 2358 Attica,
1120 2276 1184 2342 ote
1201 2263 1331 2345 Pelas-

249 2368 350 2473 gisa,
376 2390 474 2466 quae
495 2367 536 2440 in
595 2364 734 2444 ellenas
754 2368 945 2443 transiit.“
969 2368 1077 2447 Hero
1107 2427 1116 2446 .
1140 2370 1167 2447 l.
1187 2371 1219 2448 Ι.
1239 2374 1303 2451 56.
1352 2385 1355 2390 ’

341 2556 374 2658 ᾖ.
392 2556 453 2632 52.
494 2553 642 2657 Pelasgi
667 2555 924 2653 coloniamm,
953 2559 1187 2663 urbiumque
1204 2566 1330 2672 pluri-

244 2691 395 2740 marum
414 2679 591 2736 auctores
616 2662 708 2737 facti
734 2682 840 2739 sunt:
871 2664 1072 2770 „Ephorus
1098 2671 1169 2745 ait:
1195 2697 1237 2749 se
1266 2701 1330 2747 ar-

243 2771 379 2848 bitrari
398 2793 479 2863 eos,
502 2769 568 2867 qui
591 2768 754 2874 aprima
770 2768 889 2877 stirpe
903 2771 1069 2852 Arcades
1089 2797 1234 2874 essent,
1255 2780 1329 2853 mi-

244 2880 396 2955 litarem
415 2876 610 2979 amplexos
627 2868 745 2951 vitam
771 2894 811 2951 et
828 2878 870 2953 in
888 2878 1005 2954 studii
1022 2880 1124 2985 ejus,
1139 2887 1328 2961 nominis-

245 2988 322 3085 que
339 2984 559 3061 societatem
577 2981 712 3056 multis
726 2984 938 3087 perductis,
957 3008 1138 3089 magnum
1160 2993 1233 3068 sibi
1256 3020 1325 3068 no·

246 3116 338 3167 men
367 3115 455 3164 cum
480 3084 580 3190 apud
598 3087 764 3165 Graecos
787 3117 963 3195 parasse,
990 3109 1072 3168 tunt
1094 3098 1199 3200 e'p'ud
1218 3100 1325 3175 alios:

245 3218 334 3272 nant
351 3197 446 3272 etin
467 3193 604 3268 Creta
630 3193 759 3269 coloni
779 3196 956 3295 fuerunt,
979 3195 1235 3280 thomerus
1257 3233 1325 3279 au-

247 3305 337 3383 thor
356 3319 431 3397 est3
458 3300 561 3402 apud
583 3324 699 3403 quem
714 3300 858 3380 Ulisses
875 3306 928 3380 ita
942 3304 1134 3414 Penelope
1153 3328 1298 3388 narrat:

301 3485 302 3488 ’
369 3469 510 3538 Diversis
530 3470 599 3535 illic
620 3469 734 3559 linguis
755 3483 907 3542 utuntur:
930 3457 1092 3557 Achaei„
1217 3557 1219 3564 Ι

371 3577 627 3667 Magnanimique
649 3579 855 3660 Eleocretes,
878 3581 1023 3669 intusque
1043 3585 1192 3670 Cydonea
1220 3582 1222 3589 '

370 3686 556 3770 Doriesque
578 3681 728 3749 habitant
750 3686 913 3773 triplices,
934 3689 1066 3778 dirique
1082 3694 1253 3783 Pelasgif‘

120 3864 121 3869 ’
188 3841 191 3848 ’
241 3845 434 3947 Multique
452 3841 591 3943 horum
613 3840 759 3942 Pelasgi
784 3861 873 3919 sunt
893 3843 994 3941 dicti,
1022 3849 1070 3924 de
1092 3851 1233 3950 quibus
1255 3856 1322 3934 de-

171 3953 176 3956 ’
236 3955 326 4031 inde
339 3951 516 4054 gentibus
537 3951 615 4022 sint
635 3953 790 4024 nomina
812 3949 953 4026 indita:
981 3954 1080 4032 Nam
1105 3975 1143 4033 et
1153 3958 1319 4038 Lesbum

150 4121 152 4126 ,
235 4062 448 4161 Pelasgiam
468 4054 728 4161 appellarunt,
756 4073 796 4131 et
816 4055 1011 4135 Homerus
1034 4089 1112 4158 eos,
1142 4069 1209 4166 qui
1236 4069 1319 4146 fini·

232 4168 319 4244 timi
340 4181 429 4241 sunt
448 4163 616 4240 'Cilicum
631 4160 892 4266 JinTrojade,
920 4165 1096 4270 Pelasgos
1120 4191 1249 4252 vocata
