2752 4776
1025 99 1097 180 115

67 313 246 396 garotum
274 285 396 379 Duci,
423 285 617 386 repetitim
644 284 850 365 obtulisse:
877 289 1025 395 dequo
1055 292 1164 368 Bio-.

65 395 233 503 graphas
263 393 300 464 S.
333 393 551 484 Adalberti,
591 389 768 493 Scriptor
805 421 968 474 coaevus
997 424 1076 504 cap.
1116 401 1151 474 5.

65 509 129 578 ait.
162 501 348 595 ,Miserat
381 498 439 572 his
465 496 599 570 diebus
621 496 668 570 ad
693 499 937 600 Ungarorum
962 507 1154 581 seniorem

65 609 250 709 Magnum
271 603 675 706 (Seigneur,ssGeytam
698 606 861 701 Ducem)
882 611 960 685 imo
983 609 1031 685 ad
1051 638 1151 685 uxo-

65 742 151 790 rem
169 739 298 803 suam,
317 735 415 809 quae
441 727 566 795 totum
583 735 742 810 regnum
765 715 836 786 viri
855 741 967 789 manu
988 719 1153 811 tenebat,

64 838 105 896 et
133 819 362 918 quaeerant
395 817 493 907 viri,
522 818 604 916 ipsa
624 817 801 916 regebat,
839 843 913 918 qua
942 822 1049 896 Duce
1072 840 1153 898 erat

63 925 322 1001 christianitas
347 939 498 1024 coepta,
526 920 592 995 sed
618 923 901 999 intermiscetur
926 952 1013 1000 cum
1034 954 1155 1030 paga-

65 1034 208 1105 nismo·
225 1028 373 1132 polluta
405 1027 581 1127 religio·“
616 1027 664 1099 Et
692 1027 932 1134 Biographus
959 1038 1153 1133 posterior

64 1135 238 1242 ejusdem
252 1134 299 1208 ad
312 1162 371 1206 an.
388 1133 477 1208 994.
506 1131 617 1226 ,‚Non
631 1134 856 1228 tacendum,
880 1140 1030 1236 inquit,
1049 1140 1160 1239 quod·

64 1245 213 1350 juxta
241 1242 438 1343 positis
472 1238 723 1340 Hungaris
755 1267 857 1315 nunc
884 1246 1045 1320 nuncios
1062 1272 1152 1321 suos

65 1350 192 1441 misit,
219 1371 323 1420 nunc
342 1371 381 1421 se
403 1348 527 1448 ipsum
548 1345 707 1437 obtulit,
726 1347 865 1444 quibus
888 1351 1000 1436 etiam
1023 1352 1070 1425 ab
1088 1381 1155 1428 er-

66 1483 156 1534 rore
190 1481 260 1528 suo
290 1478 425 1554 parum
454 1451 633 1542 mutatis,
661 1451 837 1526 umbram
869 1452 1154 1533 christianitatis

67 1562 302 1667 impressit.“
343 1558 439 1643 Aevi
466 1559 580 1660 proin
608 1556 719 1653 hujus
751 1560 952 1634 intervallo
995 1589 1152 1666 quoque

64 1669 270 1746 Nitriensis
299 1663 466 1740 Ecclesia
499 1664 808 1766 praeposituralis
830 1669 1007 1770 perstitit.

161 1880 195 1981 ᾗ.
215 1882 277 1956 52.
307 1879 420 1954 Anno
455 1877 607 1953 1063-0
630 1880 730 1955 Gens
755 1877 950 1959 Moravica
968 1876 1154 1959 Severum

64 1991 295 2092 Progensem
318 1987 552 2087 Episcopum
571 1983 731 2081 factum,
746 2006 788 2061 ut
800 1991 1044 2095 Episcopatui
1059 1989 1154 2067 Mo·
1257 2002 1260 2006 ’

63 2101 197 2173 ravico
223 2093 406 2167 nuncium
429 2087 619 2183 mitteret,
656 2096 775 2167 enixis
807 2098 1008 2199 praecibus
1037 2094 1152 2169 flexit.

67 2201 287 2278 Alexander
312 2197 360 2272 ΙΙ.
391 2198 512 2300 Papa,
551 2196 756 2299 benignum
783 2203 1017 2305 supplicibus
1048 2200 1154 2276 dedit

66 2332 298 2384 consensum
316 2322 430 2404 atque
445 2302 468 2374 J
470 2292 630 2378 oannem
647 2308 816 2400 nomine,
830 2307 1026 2382 Moravico
1040 2335 1155 2410 prae*

63 2414 160 2490 fecit
179 2411 436 2517 episcopatui,
456 2411 523 2510 qui
548 2437 647 2484 anno
674 2411 785 2488 1065.
814 2414 1068 2488 Polessewino
1089 2440 1155 2486 sc-

19 2549 25 2560 ·
65 2523 156 2597 dem
173 2519 420 2594 Olomucium
440 2516 643 2589 transtulit.
662 2508 783 2611 „Non
804 2536 1004 2609 cessarant,
1023 2543 1154 2621 prose·

65 2629 203 2727 quitur
224 2627 327 2699 idem
344 2619 660 2714 Stredowszlius,
689 2623 884 2698 Moraviae
909 2626 1090 2697 Proceres
1115 2639 1154 2697 et

70 2733 206 2809 clerus
240 2728 510 2818 Wratislaum,
552 2730 618 2828 qui
655 2727 847 2834 Spitigero
879 2730 996 2804 fratre
1030 2756 1155 2833 nuper

70 2857 251 2928 mortuo,
297 2862 346 2910 ex
384 2832 627 2910 Olomucensi
665 2841 930 2941 praepositura
970 2835 1016 2909 ad
1059 2837 1156 2911 Pra-

67 2970 224 3048 gensem
248 2943 451 3017 transierat
474 2939 677 3034 thronum,
710 2940 869 3042 fatigare
891 2942 1087 3047 precibus,
1112 2960 1157 3016 ut

67 3052 155 3157 jure
177 3077 247 3124 suo
271 3051 312 3120 in
333 3047 547 3122 Moraviam
560 3042 736 3137 Severus,
763 3049 966 3148 Pragensis-
987 3048 1155 3142 Praesul,
1258 3075 1260 3082 ·

66 3155 275 3234 recederet.
303 3188 356 3209 -
393 3153 467 3239 Qui
497 3152 678 3227 laudabili
708 3152 888 3246 lenitate,
928 3156 1155 3234 diminutio·
1197 3234 1200 3238 Α

67 3291 159 3338 nem
175 3287 266 3336 suae
289 3259 508 3334 dioeceseos
530 3258 643 3359 longe
669 3279 756 3362 post
779 3250 920 3334 habens
943 3263 1154 3335 animarum

66 3370 258 3475 jacturae,
295 3364 515 3440 Alexandro
536 3364 636 3465 Papa
665 3364 921 3465 adprobante,
953 3370 1156 3472 proprium

67 3476 240 3550 Moravis
253 3473 438 3548 concessit
458 3471 688 3564 Antistitem,
706 3472 726 3542 J
731 3498 904 3561 oannem,
928 3474 1156 3575 Pragensem

67 3582 322 3671 Canonicum,
358 3594 397 3650 et
427 3577 620 3650 Wratislai
646 3579 761 3651 Ducis
791 3579 1054 3680 Capelianum,
1085 3586 1153 3683 qui

64 3688 200 3763 'sedem
219 3685 469 3787 episcopalem
493 3682 686 3758 Moraviae
707 3711 754 3759 ex
774 3684 966 3762 Polessow
986 3703 1156 3762 transtu-

71 3794 121 3868 lit
149 3793 393 3867 Olomucium
420 3805 753 3895 praeterpropter
778 3818 874 3867 anno
904 3789 1043 3867 1065.“
1071 3794 1095 3870 l.
1120 3821 1154 3870 c.

69 3926 110 4003 p.
130 3898 299 3976 574-5.
915 3897 919 3904 ’

908 4003 961 4076 8*
