2752 4776
1125 320 1170 394 41

148 512 222 587 hus
242 508 417 612 gentihus
446 530 524 584 non
555 535 665 612 porea
691 512 836 605 solum,
864 535 997 589 verum
1026 512 1140 588 etiam
1166 511 1231 586 vi·
1266 510 1269 516 ’

147 624 277 693 ctores
300 615 432 710 fuere3
459 640 689 717 quamquam
707 619 792 723 plus
813 620 958 721 gloriae
977 624 1028 696 sit
1044 615 1231 694 interdu-

146 723 250 824 syria
274 740 314 798 et
334 720 472 815 Media,
492 723 729 825 Persicaque,
748 745 958 801 memorata
981 725 1078 803 olim
1100 749 1229 824 regna,
1276 772 1281 779 «

147 845 187 905 et
208 828 537 932 opulentissimum
573 832 676 906 mille
707 830 859 906 urbium
884 831 1126 906 Bractianum
1153 831 1230 905 im-

125 937 301 1039 ‚perium
321 958 517 1036 emergere
546 936 736 1040 potuisse,
765 960 881 1035 quam
903 936 1109 1039 longinqua
1128 935 1229 1011 halla

143 1044 302 1135 vicisse3
354 1057 526 1116 raeterea
547 1068 634 1117 cum
656 1042 834 1144 gravibus
853 1041 1038 1144 Scythicis
1068 1060 1107 1118 et
1129 1042 1229 1116 rici-

104 1170 107 1175 ·
145 1145 297 1222 nalihus
316 1068 440 1221 'hellis
471 1147 618 1225 assidue
648 1151 794 1242 vexati,
822 1149 936 1225 variis
964 1148 1228 1256 periculorum

145 1252 422 1333 certaminibus
436 1258 702 1356 urgerentur·“
730 1253 825 1331 Mox
845 1255 966 1351 bella,
991 1281 1128 1348 mores,
1150 1253 1229 1326 lin·
1294 1254 1297 1265 '

145 1388 273 1464 guam,
301 1377 423 1434 vestes
446 1378 516 1464 etc,
540 1362 731 1439 uberrime
747 1381 960 1464 percenset3
988 1363 1081 1436 nihil
1101 1379 1227 1435 tamen

98 1502 100 1506 ’
146 1471 194 1542 iis
220 1492 308 1540 cum
334 1464 571 1542 Philisthaeis
607 1494 673 1544 seu
699 1467 859 1568 Pelasgis
896 1494 1098 1545 commune
1135 1465 1228 1540 dicit

143 1571 275 1649 fuisse.
304 1568 442 1648 Strabo
462 1572 663 1679 descripsit
677 1574 867 1648 Parthiam
895 1575 961 1650 lib.
982 1577 1049 1649 XI.
1074 1602 1110 1677 p.
1135 1572 1225 1652 514.

145 1681 302 1777 „Partes
321 1679 493 1755 Parthiae
522 1700 611 1756 sunt
631 1681 894 1757 Camisenact
923 1682 1117 1774 Chorena3
1142 1675 1225 1754 fere
1319 1732 1340 1743 .-

145 1789 265 1864 etiam
286 1785 489 1888 quidquid
523 1803 581 1860 est
611 1811 731 1891 usque
765 1786 812 1860 ad
844 1804 975 1893 portas
1006 1785 1156 1889 Caspias
1186 1800 1227 1859 et

145 1893 315 1993 Aragos,
353 1919 397 1968 ac
415 1892 605 1998 Tapyros,
642 1917 740 1992 quae
773 1892 865 1968 olim
885 1888 1035 1968 Mediae
1057 1891 1224 1966 suerunt.
1283 1980 1286 1985 ι

143 2004 214 2080 Est
235 2014 274 2075 et
290 1998 488 2102 Apamaea·
511 2015 549 2074 et
573 1999 798 2090 Heraclaea,
826 1998 940 2076 urbes
972 1997 1071 2103 apud
1092 1997 1224 2096 Rogas.

144 2109 183 2181 A
201 2106 344 2211 Caspiis
363 2107 486 2211 portis
508 2106 556 2180 ad
573 2104 697 2208 Ragas
718 2103 835 2178 stadia
853 2104 899 2178 D.
921 2123 1076 2182 auctore
1099 2100 1226 2205 Apol-

144 2213 306 2288 lodoro=
347 2214 395 2315 ad
423 2212 752 2317 Hecatompylon,
800 2210 1026 2288 Parthorum
1065 2211 1223 2310 regiam,

144 2318 349 2393 M.CCLX.
362 2318 459 2394 etc.“
485 2310 662 2393 Testatur
680 2315 805 2420 palam
822 2318 1026 2422 Euphrate,
1044 2341 1086 2390 ac
1097 2315 1224 2390 Phoe-

143 2426 243 2501 nicia
263 2428 507 2502 constrictam
524 2422 640 2502 fuisse
649 2424 879 2500 Parthorum
898 2422 1225 2514 ditionem:,‚·llo-

145 2531 268 2608 manis
297 2531 505 2609 admodum
532 2556 643 2611 curae
671 2556 749 2607 non
775 2530 883 2606 erant
904 2556 967 2623 ea,
996 2555 1094 2632 quae
1116 2546 1223 2602 extra
1271 2538 1295 2573 ·'

145 2639 315 2715 Taurum
334 2639 492 2731 fiebant,
519 2681 571 2702 --
599 2639 672 2717 hoc
691 2653 802 2741 pacto
821 2634 965 2712 factum
986 2653 1062 2727 est,
1090 2649 1132 2707 ut
1161 2633 1224 2707 di-

132 2747 202 2821 ‘tio
222 2772 267 2821 ea
286 2746 571 2822 inParthorum
589 2750 739 2823 veniret
754 2759 1000 2847 potestatem,
1029 2742 1095 2843 qui
1118 2759 1224 2814 trans

143 2850 420 2959 Euphratem
447 2851 756 2931 sitaohtinebant
775 2888 826 2907 --
845 2847 940 2947 adeo
959 2847 1007 2923 ad
1028 2846 1225 2923 Phoeni·
1322 2892 1326 2901 .

144 2961 258 3036 ciam
286 2984 419 3063 usque.
472 2958 639 3037 Proinde
665 2955 806 3062 quihus
832 2936 998 3033 Romani
1019 2948 1224 3031 crescenti-

144 3067 218 3141 bus
249 3093 328 3142 non
360 3067 606 3161 obstiterunt,
643 3091 710 3143 eos
739 3059 890 3140 tandem
922 3080 1051 3140 auctos
1077 3060 1224 3138 viribus

144 3173 249 3250 hello
288 3190 327 3248 et
362 3178 478 3249 misso
511 3176 679 3254 exercitu
705 3171 825 3245 coacti
854 3189 943 3247 sunt
970 3167 1224 3273 opprimere.“

144 3281 321 3356 Potentia
349 3309 485 3358 eorum
514 3281 642 3356 seculo
663 3294 752 3387 post
770 3268 960 3352 Christum
980 3278 1106 3381 primo
1124 3291 1225 3348 atte-
1262 3272 1267 3276 ’

117 3405 281 3484 nirata,
321 3387 472 3465 obsides
503 3389 684 3463 miserant
703 3386 908 3475 Romanis:
944 3384 1011 3460 Jos
1040 3382 1144 3456 Flau.
1174 3377 1224 3454 de

142 3493 252 3571 bello
269 3495 354 3570 Jud.
377 3492 500 3569 lihll'.
526 3492 572 3568 ad
593 3518 651 3572 an.
671 3495 731 3571 18.
754 3490 801 3564 In
816 3488 1017 3569 Persarum
1037 3488 1224 3566 ditionem

140 3599 287 3678 redacti
306 3629 404 3679 anno
428 3597 650 3680 tto-236.

172 3811 228 3898 V.
271 3807 750 3932 Historiosophia
786 3809 1178 3897 Horvatiana.
1218 3801 1222 3807 ’
1305 3843 1309 3848 ’

237 4018 271 4120 ᾗ.
294 4019 355 4096 59.
389 4021 486 4096 Cum
513 4021 555 4095 in
571 4021 753 4096 universa
777 4015 1043 4096 vita-humana
1071 4026 1110 4087 et
1135 4009 1226 4085 vul·-

139 4129 223 4234 gari
249 4125 347 4206 adeo
366 4130 615 4231 negociorum
639 4151 728 4222 usu,
755 4123 958 4232 prudentia
986 4142 1083 4225 opus
1109 4130 1167 4193 est
1181 4140 1225 4189 ac
