2752 4776
1029 312 1089 405 ,49
1155 300 1159 315 ,

52 540 141 592 rem
164 527 313 620 partem
329 537 529 590 servorum
541 508 695 591 habent.
712 553 767 576 -
783 513 1005 611 Comminus
1025 541 1141 624 prae—

53 622 156 714 liari,
184 637 250 692 aut
266 618 437 701 obsessas
457 645 674 721 expugnare
693 621 819 715 urbes,
846 625 1030 698 nesciunt.
1060 624 1142 698 Pu-

53 741 174 830 gnant
202 741 330 800 autem
353 724 669 827 procurrentibus
694 731 802 829 equis
821 744 886 803 aut
907 727 1143 831 tergadanti-

54 835 147 927 bus,
184 857 300 935 saepe
325 832 442 907 etiam
467 827 599 937 fugam
618 833 816 929 simulant,
844 848 889 909 ut
910 836 1143 921 incautiores

55 938 259 1027 adversum
295 937 454 1039 vulnera
483 937 738 1037 insequentes,
757 939 930 1015 habeant.
981 940 1142 1044 Signum

54 1046 113 1124 bis
137 1045 179 1116 in
202 1043 351 1148 praelio
375 1069 454 1118 non
476 1041 583 1140 tuba,
610 1043 676 1118 sed
695 1061 877 1149 tympano
897 1046 1020 1121 datur.
1048 1047 1143 1121 Mu-

54 1151 273 1229 nimentum
284 1151 376 1255 ipsis
390 1148 548 1248 equisve
561 1149 701 1225 loricae
715 1153 902 1252 palmatae
922 1169 1024 1245 suut,
1042 1179 1141 1254 quae
1204 1216 1206 1222 ,

53 1275 265 1359 utrumqne
290 1272 373 1332 toto
405 1278 571 1376 corpore
599 1269 740 1356 tegunt.
793 1259 892 1339 Auri¹
913 1261 1141 1360 argentique

53 1364 194 1459 nullus
206 1359 282 1460 nisi
311 1364 353 1437 in
373 1385 488 1437 arnus
519 1385 617 1455 usus.
645 1401 697 1416 -
731 1363 852 1440 Carne
884 1367 1035 1441 nonnisi
1068 1393 1142 1441 re·
1257 1379 1263 1406 ¹

54 1469 220 1565 natibus,
229 1470 399 1569 quaesita
428 1481 643 1543 vescuntur.
681 1466 800 1570 Equis
831 1470 943 1545 omni·
966 1488 1140 1575 tempore

55 1593 276 1669 vectantur,
302 1574 377 1649 illis
410 1571 532 1664 bella,
561 1572 856 1668 illiscouvivia,
885 1577 963 1650 illis
987 1578 1140 1682 publica
1216 1614 1219 1619 ,

51 1709 106 1773 ac,
126 1685 287 1786 prirata
306 1677 432 1783 officia
460 1675 622 1773 obeunt3
649 1706 766 1786 super
794 1682 881 1756 illos
909 1683 982 1776 ire,
1010 1686 1142 1759 consi-

55 1808 180 1883 stere,
208 1791 388 1884 mercari,
415 1784 597 1882 colloqui.
653 1785 739 1862 Hoc
755 1785 918 1884 denique
938 1789 1143 1867 discrimen

56 1898 320 1987 intersertos
350 1893 571 1989 liberosque
604 1908 681 1986 est,
708 1891 821 1995 quod
844 1895 945 1968 servi
967 1893 1141 1999 pedibus,

56 1994 173 2095 liberi
196 2001 349 2096 nonnisi
380 1998 503 2098 equis.
519 1997 702 2073 incedunt·
724 1999 818 2075 etc.“
857 1996 918 2071 An
941 1998 978 2073 hi
1000 2026 1139 2089 mores,
1229 2042 1233 2051 ·

54 2107 169 2198 ritus,
194 2103 417 2205 disciplinae
431 2098 746 2179 Philistbaeorum
770 2122 808 2180 et
822 2103 1139 2183 cananaeorum?

54 2217 119 2287 An
145 2211 284 2305 horum
301 2213 431 2314 lingua
448 2203 720 2313 manifestatur,
733 2207 1141 2314 quodPa1⁴thi=exu-

56 2316 141 2396 lesi
165 2335 235 2394 etc.
297 2368 300 2373 -
658 2324 682 2361 '

152 2531 276 2634 §.lb
313 2529 496 2610 Alienum
528 2560 607 2610 non
630 2535 806 2612 minusa
834 2561 931 2613 vero
966 2553 1024 2612 est
1041 2533 1139 2636 Scy-

54 2640 210 2737 tharum
230 2664 273 2713 ac
291 2639 527 2729 Parthorum,
540 2658 680 2744 gentes,
704 2646 802 2717 sicut
820 2644 1052 2737 cananaeos,
1077 2670 1138 2719 se·

55 2748 184 2853 ptenis
214 2769 364 2848 semper
396 2747 569 2839 tribubus
601 2750 833 2825 constitisse:
856 2754 973 2826 Erant
992 2752 1137 2854 quippe
1179 2760 1181 2765 '

53 2855 235 2959 primitus
256 2850 418 2952 Scythae
448 2881 579 2930 omnes
601 2853 813 2948 Nomades,
840 2856 939 2930 ritae
969 2859 1137 2958 pastori-

14 2957 17 2960 ⁴
55 2961 132 3035 tiae
159 2948 301 3050 ilediti,
341 2975 433 3032 teste
463 2959 635 3035 Justino:
675 2961 931 3053 „Hominibus
965 2964 1065 3035 inter
1095 2987 1136 3036 se

53 3066 151 3141 nulli
172 3064 284 3159 fines3
310 3088 436 3163 neque
462 3069 565 3139 enim
588 3092 723 3166 agrum
746 3084 943 3169 exercent,
970 3092 1041 3142 nec
1063 3065 1139 3140 do-

36 3196 141 3267 ⁴mus
162 3170 240 3244 illis
270 3169 366 3262 u'lla,
394 3188 459 3245 aut
479 3172 622 3247 tectum
652 3190 717 3247 aut
736 3172 845 3249 sedes
867 3191 939 3267 est3
967 3190 1136 3262 armenta

53 3296 95 3354 et
122 3301 263 3382 pecora
286 3301 438 3380 semper
461 3279 700 3382 pascentibus
725 3295 763 3351 et
791 3307 861 3380 per
884 3277 1046 3353 incultas
1068 3307 1137 3356 so-

52 3381 235 3459 litudines
259 3406 387 3456 errare
410 3385 568 3467 solitis.“
607 3383 691 3471 Lib.
712 3382 767 3456 II.·
799 3383 958 3485 Scythae
978 3385 1134 3460 Asiatici

53 3488 253 3590 Strabonis
281 3504 401 3563 aetate
435 3516 512 3565 non
545 3490 669 3562 minus
692 3491 873 3564 nomades
907 3493 1135 3592 plerumque
1196 3509 1207 3538 ¹

52 3594 229 3668 fuerant:
257 3593 327 3688 „ln
353 3594 458 3669 laeva
481 3612 588 3700 parte
609 3595 741 3692 (maris
756 3597 896 3699 Caspii,
923 3623 966 3671 ac
987 3595 1135 3696 Volgae

51 3698 238 3796 fluminis)
274 3719 524 3805 opponuntur
544 3699 740 3799 Scythicae
765 3720 896 3801 gentes
930 3729 973 3776 ac
997 3727 1135 3775 noma-

51 3807 160 3882 dicae
183 3822 305 3881 totum
326 3809 620 3912 complectentes
643 3806 795 3880 boreale
819 3807 927 3902 latus,
957 3807 1135 3912 plerique

49 3911 300 4013 Scytharum,
330 3916 395 4014 qui
429 3943 451 3986 a
476 3914 611 4015 Caspio
642 3914 738 3986 mari
768 3915 973 4017 incipiunt,
1010 3916 1136 3989 Dacae

48 4021 318 4125 appellantur,
347 4020 486 4096 orienti
511 4020 719 4093 viciniores
744 4017 975 4120 Massagetae
1003 4036 1043 4094 et
1066 4018 1138 4094 Sa·

46 4152 137 4223 cae,
178 4125 352 4226 reliquos
376 4127 581 4221 ..communi
613 4126 772 4201 nomine
804 4123 962 4306 Scythqs
996 4126 1138 4219 dicunt,
1223 4190 1240 4214 „
