2752 4776
821 80 1085 185 Mna

61 307 192 386 fratris
222 311 281 384 sui
314 306 511 402 fastum,
500 306 661 412 injurias
681 306 870 415 diversas,
896 303 1079 386 ferendi
1067 334 1144 385 tm·

59 441 149 520 pos,
179 414 362 491 Weclum
385 416 493 492 aulae
515 439 604 489 suae
624 407 885 521 Capelianum,
912 416 1143 518 Episcopum

59 521 254 598 Moraviae
271 519 600 620 (Olomueensem)
620 522 830 597 constituit
885 523 955 596 His
975 521 1143 595 Gerbar-

55 626 158 701 dus
147 653 187 698 tn
218 626 390 704 furorem
416 644 537 718 actus,
555 626 714 702 Romam
731 627 858 705 denuo
879 631 994 732 petit·
1011 628 1074 703 sed
1095 627 1142 702 ad

55 731 278 808 Ladislaum
289 760 450 835 ,regem
474 750 677 826 nostrum,
705 734 801 836 opis
821 760 864 808 ac
885 733 1077 807 subsidii
1067 763 1144 808 tm-

56 837 235 944 penendi
258 867 388 932 causa,
417 839 480 912 dio
457 865 622 941 gressuS,
650 842 750 917 uitae
771 839 1011 915 turbulentae
1029 839 1145 915 finem

56 945 151 1024 facit
189 942 388 1048 Strigooii.
428 945 647 1020 Causidicus
670 947 917 1023 antecessoris
938 947 1015 1038 sui,
1042 945 1153 1020 idem'

58 1053 228 1143 Cosmus,
250 1051 426 1154 adjuncta
445 1069 660 1155 percenset:
689 1053 880 1161 „iaromir
899 1070 1044 1126 tantum
1065 1051 1142 1126 dis-

61 1154 211 1231 sidebat
249 1159 507 1249 animositate,
544 1174 586 1231 ut
618 1183 729 1284 saepe
760 1140 880 1235 sestis
897 1157 1031 1232 dicbus
1061 1158 1147 1232 Rex

61 1265 300 1368 Episcopum
324 1287 401 1336 non
417 1262 598 1355 haberet,
627 1268 694 1363 qui
717 1265 788 1339 sibi
816 1288 996 1339 coronam
1020 1265 1148 1370 impo-
1162 1286 1163 1290 ’

61 1387 184 1447 n.eret
215 1369 297 1443 Hac
310 1372 536 1446 necessitate
555 1370 719 1446 simulet
738 1372 942 1446 ambitione
959 1399 1028 1446 rex
1046 1398 1148 1446 com-

59 1477 273 1584 pulsus—
218 1474 604 1554 -subinthroniaat
628 1479 882 1582 Capelianum
900 1505 1010 1553 suum
1043 1478 1148 1553 We

61 1587 276 1676 cionem,
306 1583 354 1652 in
394 1583 1002 1658 tetritorioMoraviensi
1012 1584 1148 1685 ,Epi-
1228 1583 1232 1589 ’

61 1717 233 1794 scopum
282 1689 405 1776 Quo
395 1707 565 1793 inpacto
589 1690 713 1792 palam
734 1687 826 1765 fecit
850 1689 1041 1792 notabile
1066 1714 1143 1763 non

60 1798 188 1873 solum
213 1819 254 1869 se
286 1797 496 1895 sprevisse,
524 1796 663 1894 quod
653 1824 735 1901 ipse
762 1822 891 1871 conam
910 1796 1145 1895 Imperatore

59 1922 99 1999 et
116 1902 325 2003 Episcopis
341 1900 587 1977 collaudaue1
589 1919 646 1997 at
678 1921 718 1977 ut
747 1931 843 1978 unus
862 1902 965 1978 soret
984 1918 1146 2005 uterque

60 1996 329 2115 Episcopatu83
369 2034 504 2082 verum
533 2009 648 2083 etiam
680 2011 839 2128 Papae
871 2009 1145 2085 Clementis
1178 2095 1180 2099 Ι

63 2115 228 2191 violasse
251 2113 516 2214 privilegium,
556 2140 634 2215 quo
654 2112 826 2216 ejusdem
850 2113 1032 2205 tctminos
1051 2114 1148 2218 Epi-

63 2223 184 2322 scopi1
176 2220 550 2295 'coiroboaauerat
576 2221 702 2312 Hinc,
731 2240 773 2294 ut
795 2222 1014 2326 apploraret
1037 2218 1148 2322 Apo-

63 2329 202 2404 stolico
232 2325 374 2399 illatam
395 2325 593 2401 'Ecclesiae
624 2326 864 2429 injustitiam,
906 2325 1057 2399 Praesul
1078 2327 1146 2399 Ja-

63 2435 187 2512 romir
213 2434 335 2504 iturus
362 2450 443 2528 erat
464 2432 642 2527 Romam,
679 2433 745 2508 sed
765 2433 925 2508 consilio
954 2458 1041 2505 cum
1068 2435 1145 2505 suis

61 2539 355 2616 familiar'ibus
346 2539 463 2630 inito,
500 2543 607 2642 prius
641 2537 717 2611 adit
746 2542 942 2640 antiquum
970 2539 1150 2632 amicum,

65 2644 368 2723 Wladislaum
401 2669 557 2744 1egem
589 2646 909 2737 Pannonicum,
937 2663 975 2720 et
996 2640 1146 2748 patefa-

65 2756 170 2830 ciens
202 2752 236 2824 ei
267 2776 356 2824 suae
384 2750 572 2826 Ecclesiae
599 2751 797 2846 damnum,
824 2756 995 2855 postulat
1021 2751 1067 2824 ab
1097 2777 1145 2827 eo

64 2859 114 2935 ad
132 2883 333 2932 tomanum
354 2857 427 2930 itet
449 2858 646 2936 auxilium.
663 2861 817 2934 Inscius
838 2859 911 2932 beu
930 2857 1049 2934 fatum
1072 2842 1144 2930 sibi

67 2965 146 3070 jam
174 2988 373 3065 supetesse
399 2966 669 3066 propinguum
696 2965 793 3038 Nam
817 2967 939 3066 p1ima
965 2965 1042 3056 die,
1071 2991 1146 3064 qua
1227 3038 1233 3049 .

67 3098 197 3174 regem
219 3068 331 3160 adiit,
351 3070 509 3148 nimium
532 3073 702 3173 colporis
718 3072 879 3145 incidit
870 3099 906 3142 1n
922 3071 1145 3161 molestiam,

67 3184 120 3257 Et
143 3181 231 3276 quia
249 3199 369 3280 prope
398 3176 532 3250 urbem
552 3195 632 3250 erat
650 3175 904 3284 strigonium,
933 3178 1011 3281 illic
1029 3179 1147 3248 mittit

69 3312 159 3360 eum
189 3310 260 3357 1ex
292 3282 461 3382 navigio,
496 3285 735 3357 committens
764 3309 893 3357 euram
926 3274 1007 3384 ejus
1040 3281 1145 3353 urbis

69 3392 272 3494 Episcopo.
306 3428 357 3443 -
386 3386 614 3512 Septimo
605 3417 678 3489 Jam
717 3388 777 3464 die
813 3387 1164 3493 adiesperasccnte

69 3495 214 3574 mundo
234 3494 424 3593 migrauit·
465 3495 530 3570 Sol
554 3496 646 3568 Julii
670 3521 797 3590 senas,
824 3520 897 3594 qua
920 3496 1039 3594 tangit
1064 3493 1148 3565 luco

71 3601 278 3678 Calendas“
298 3601 323 3674 l.
347 3626 379 3675 c.
405 3629 440 3703 p.
464 3597 682 3676 2064-65.

112 3863 115 3869 .
167 3795 285 3895 §.55
314 3793 491 3871 Wecloni
511 3791 761 3867 Moravorum
783 3792 972 3868 Olomucii
996 3767 1148 3892 episco-

76 3929 160 4010 po,
187 3912 409 4013 successor.
428 3901 535 3977 datus
569 3915 627 3977 est
652 3898 766 3978 Anno
798 3899 949 3978 1091-0,
977 3895 1154 3985 Andreas
