2752 4776
1034 331 1125 423 47ι

56 526 158 607 mari
191 525 314 602 rubro
335 546 484 601 mersus
503 534 579 615 est,
608 519 730 617 tilius3
759 546 921 626 regnare
944 528 1072 632 coepit
1098 527 1141 605 ia

57 634 255 710 Thebaide
284 625 374 707 ante
395 627 484 709 Chr.
518 626 630 705 1661.
666 627 706 701 Si
735 656 829 706 vero
848 629 951 707 idem
980 650 1038 710 est
1053 656 1143 711 cum

57 741 216 817 Sesaco:
252 736 385 814 floruit
412 754 500 811 ante
517 735 604 811 Chr.
624 733 698 810 977
728 737 875 813 nonnisi
898 740 1012 837 annis3
1038 765 1144 842 quo-

56 849 178 925 modo
197 871 291 949 ergo
306 839 434 919 Parthi
464 843 699 945 antiquiores
721 868 815 921 aero
835 843 1054 941 Abrabami,
1073 843 1143 946 qui

58 980 233 1057 egressus
262 969 319 1028 est
341 955 382 1025 in
406 949 554 1025 Canaan
581 967 667 1024 ante
686 946 773 1025 Chr.
797 949 927 1026 2157?
954 949 1143 1029 strarant

57 1063 190 1138 exules
198 1058 436 1159 Scytharum,
459 1054 506 1129 ad
520 1056 884 1160 -pontumEuxinum
907 1061 1145 1162 agitantium,

57 1168 245 1271 quoniam
263 1163 303 1239 hi
325 1165 576 1266 Cymmerios,
599 1187 766 1263 quorum
786 1164 894 1239 sedes
914 1167 1143 1258 invaserant,

86 1273 272 1366 ersecuti,
309 1270 540 1372 Cyaxarem,
580 1266 738 1344 Medum
770 1267 980 1348 Phraortae
1010 1270 1144 1365 lilium,

56 1305 214 1456 baiocis
229 1378 438 1484 Nepotem,
464 1374 609 1452 Ninum
636 1373 895 1474 obsidentem,
922 1379 1143 1473 obruerant,

55 1485 232 1587 Asiaque
252 1500 342 1562 sunt
359 1483 473 1590 potiti
496 1507 596 1559 anno
615 1498 703 1560 ante
714 1481 908 1562 Christum
923 1485 1020 1582 6353
1046 1509 1145 1586 quo·
1172 1557 1176 1562 .

55 1592 177 1670 modo
199 1616 354 1667 marsum
373 1586 592 1666 Abrahamo
614 1590 899 1668 renouarent?
925 1593 973 1668 V.
997 1590 1146 1669 Herod.

56 1701 125 1777 lib.
143 1699 173 1776 I.
197 1725 256 1774 nr.
272 1694 490 1772 lot-109.
517 1693 574 1772 Cb
592 1697 619 1770 l·
639 1695 706 1773 IV.
730 1697 789 1771 12.
816 1697 877 1774 15.
904 1695 976 1775 Ast
994 1700 1146 1792 Cetura,

56 1808 179 1901 altera
212 1801 418 1881 Abrabami
456 1829 583 1896 uxor,
622 1828 762 1906 genere
793 1801 999 1880 Parthica?
1036 1805 1145 1906 quod

11 1910 15 1915 ’
56 1915 163 1991 idem
178 1907 351 2018 Scriptor
370 1909 538 1988 obvertit
573 1904 659 2009 §.7-
696 1910 802 1988 Illius
817 1908 1146 1988 Abul-Pharasius

56 2023 99 2095 in
126 2017 299 2095 Historia
341 2018 599 2119 Dynastarum
636 2015 685 2092 ab
722 2016 903 2096 Eduardo
955 2016 1145 2097 Pocochio

55 2123 232 2204 Oxoniae
250 2123 414 2200 Arabiae
437 2150 480 2201 ac
499 2120 636 2198 Latine
657 2120 759 2200 edita
774 2122 874 2200 1665
896 2125 937 2200 in
961 2126 996 2199 4.
1016 2156 1055 2232 p.
1080 2126 1141 2200 14.

58 2249 195 2310 auctor
211 2229 335 2306 Seculi
360 2230 462 2306 XIII.
491 2231 593 2307 solus
616 2243 656 2306 et
678 2225 832 2328 unicus,
860 2250 1047 2332 quantum
1065 2259 1143 2310 no·

57 2342 204 2431 vimus,
241 2338 346 2413 testis
377 2355 453 2431 est3
489 2338 635 2412 dicens:
677 2335 816 2430 „Anno
847 2355 976 2415 autem
1007 2340 1145 2416 aetatis
1231 2359 1232 2364 ’

56 2443 175 2524 isaaci
198 2442 390 2520 tricesimo
413 2459 548 2520 octavo
571 2439 668 2519 obiit
688 2439 800 2540 Sara,
827 2461 949 2521 mater
970 2441 1063 2550 ejus,
1086 2471 1145 2520 an.

61 2554 138 2629 127
145 2573 147 2577 ’
162 2565 249 2625 nata
257 2546 273 2645 ,'
295 2548 482 2651 duxitque
504 2547 697 2624 Abraham
716 2547 999 2645 Kenturam,
1025 2550 1145 2627 filiam

57 2653 162 2763 regis¹
183 2656 483 2732 Turcarum.“
508 2654 607 2729 Tum
631 2683 669 2760 p.
683 2654 751 2728 1⁷:
778 2653 958 2757 „Moyses
981 2655 1081 2760 fugit
1103 2656 1144 2730 in

58 2781 203 2843 terram
222 2762 406 2856 Arabum,
433 2776 473 2839 et
499 2787 661 2837 uxorem
685 2760 794 2835 duxit
808 2759 1020 2866 Saphuram
1041 2762 1146 2861 Rin-

58 2875 197 2976 gissam
223 2869 264 2964 (i.
290 2895 322 2945 e.
346 2863 509 2971 nigram)
525 2867 712 2962 latronis,
739 2864 808 2943 filii
829 2867 968 2964 Revel,
991 2866 1147 2945 Madia·

60 2979 185 3070 nitae,
211 2973 278 3050 filii
301 2975 491 3068 Dedanis,
528 2972 596 3049 filii
627 2972 833 3053 Abrahami
864 3001 884 3049 e
916 2974 1144 3072 Kentura,
1273 3006 1276 3011 ·

61 3081 184 3161 uxbre
205 3079 547 3184 ejus'I'urcica.“
566 3118 623 3139 -
638 3080 776 3157 Tureis
800 3080 858 3156 bis
882 3082 945 3158 en!
968 3080 1146 3188 Scriptor

57 3186 284 3268 Partho
303 3213 321 3261 s
357 3203 505 3264 temere
536 3190 758 3293 supposuit,
786 3213 857 3292 per
876 3186 1017 3266 Turcas
1046 3217 1143 3267 vero

54 3291 340 3397 Abul-Pharaji
375 3320 464 3390 eos,
494 3292 568 3395 qui
603 3291 677 3370 hoc
707 3295 865 3370 nomine
889 3293 1144 3375 communiter
1238 3339 1240 3342 ·

54 3404 240 3494 veniunt,
269 3426 402 3476 rerum
422 3402 575 3503 ignarus
596 3399 829 3476 intellexerit
847 3404 1013 3500 nonnisi,
1039 3432 1144 3510 quo·-
1272 3469 1276 3475 .

55 3536 147 3585 rum
170 3523 304 3610 utpote
327 3532 469 3583 nomen
493 3523 555 3583 ter
576 3506 683 3583 mille
702 3505 1056 3612 postAbrahamum
1073 3537 1143 3585 an-

54 3640 129 3694 nos
159 3613 345 3687 innotuit:
372 3614 447 3687 rite
478 3609 745 3689 animadvertit
774 3614 843 3688 Ge.
870 3610 984 3692 Laur.
1006 3615 1144 3711 Bauer,

55 3723 125 3824 qui
165 3719 376 3797 Historiam
414 3717 708 3823 Abul·Farr'aji
737 3720 933 3798 teutonico
975 3719 1144 3798 reddidit

54 3828 256 3904 idiomate:
285 3824 468 3920 „Ketura,
495 3821 637 3904 welche
659 3842 775 3902 uns‘er
790 3824 943 3901 ‘Auctor
966 3827 1143 3904 Kentura
1257 3883 1260 3887 -

27 3946 31 3954 '
55 3931 238 4025 schreibt,
260 3959 343 4010 war
364 3930 478 4038 heina
496 3928 935 4029 tiirltischePrinzessin3
961 3932 1061 4009 denn
1079 3933 1141 4010 die

55 4038 214 4116 Tiirlren
235 4039 319 4115 sind
342 4037 568 4115 tartarische
586 4035 899 4141 Abhiimmlinge,
927 4041 1006 4118 und
1028 4038 1143 4120 laom-

56 4173 148 4228 men
178 4158 257 4224 crat
283 4143 380 4222 nach
408 4143 596 4249 ungafahr
624 4145 727 4223 5000
753 4145 894 4221 Jahran
924 4167 1009 4224 zum
1031 4147 1142 4255 Vorf
1205 4253 1209 4261 .
