2752 4776
139 1191 263 1282 Num
282 1176 588 1297 philisthaei,
608 1191 881 1304 Gergesaei,
913 1192 1136 1280 Cananaei
1174 1207 1220 1278 et

139 1331 406 1420 Amorrhaei
438 1330 788 1443 Hungarorum,
815 1332 1104 1440 Chunorum,
1147 1334 1223 1418 Ja-

105 1466 111 1489 ¹
253 1495 501 1582 sonumque
531 1476 800 1557 nostratium
831 1473 1110 1586 aborigines?

635 1722 667 1824 ς.
696 1726 730 1799 t.

146 1852 363 1988 Gentium
384 1901 628 2006 singularum,
654 1898 871 1984 Hebraeam
896 1906 926 1984 si
951 1902 1130 2009 excipias,
1148 1900 1231 1977 ori·
1343 1985 1346 1991 Ι

148 2015 259 2117 gines
295 2007 540 2086 densissimae
575 2009 755 2086 occulunt
786 2015 987 2109 tenebrae3
1024 2007 1235 2116 primordia

147 2116 344 2220 mythicae
367 2115 518 2191 fabulae
537 2117 814 2194 contaminant:
832 2123 929 2197 nulli
952 2145 1094 2209 earum,
1110 2140 1236 2215 quan-

151 2245 238 2303 tum
262 2224 456 2318 novimus,
483 2223 592 2299 licuit
617 2221 859 2326 aboriginum
881 2223 1106 2302 incunabula
1128 2237 1235 2295 certo

151 2332 281 2410 fixisse
309 2335 418 2424 loc0,
456 2347 795 2408 monumentorum
825 2331 986 2409 defectu.
1040 2328 1236 2405 Diodorus
1268 2379 1270 2383 -

152 2437 329 2530 Siculus,
363 2438 598 2542 populorum
628 2435 735 2509 initia
765 2439 1033 2515 dissertissime
1063 2433 1238 2535 comple-

152 2569 248 2638 xus,
273 2539 386 2618 fateri
409 2570 487 2622 non
508 2540 713 2618 dubitarit:
742 2547 843 2639 „Qui
864 2545 977 2651 primi
1003 2541 1148 2617 fuerint
1170 2564 1237 2613 re·
1364 2580 1367 2584 ι

156 2676 248 2754 ges,
275 2676 355 2724 non
382 2667 471 2744 est,
488 2648 594 2752 quod
613 2648 675 2722 vel
706 2651 778 2757 ipsi
800 2677 1030 2743 asseramus,
1057 2647 1119 2724 rel
1140 2644 1238 2735 aliis,
1267 2667 1270 2674 ·

156 2758 255 2844 scire
287 2781 328 2829 se
366 2754 654 2861 profitentibus,
692 2759 949 2853 assentiamur.
1004 2753 1106 2828 Fieri
1138 2750 1242 2825 enim
1357 2748 1359 2753 ’

155 2889 235 2938 non
259 2877 405 2966 potest,
432 2882 476 2938 ut
498 2863 669 2936 inventio
692 2863 890 2941 literarum
910 2865 950 2936 in
972 2858 1131 2938 eandem
1154 2881 1241 2930 cum

156 2971 393 3066 iislaetatem
414 2968 602 3046 inciderit.
651 2967 763 3056 Quod
792 2974 861 3048 etsi
883 2974 972 3071 -quis
999 2962 1241 3055 concesserit,

155 3073 446 3152 Historicorum
467 3095 594 3152 tamen
615 3100 734 3175 genus
755 3097 929 3155 recenter
950 3071 1156 3153 admodum
1179 3069 1243 3143 ri·
1351 3162 1353 3166 Α

157 3199 218 3258 tae
252 3184 447 3258 communi
480 3197 656 3259 exortum
670 3279 678 3294 ⁶
694 3210 798 3278 essa,
843 3200 1012 3289 apparet.
1064 3180 1157 3254 Ideo
1193 3176 1246 3251 de⁴

158 3286 345 3393 cujusque
376 3290 539 3366 nationis
570 3288 794 3390 antiquitate
835 3317 913 3366 non
944 3286 1061 3365 modo
1094 3283 1242 3372 Graeci,

142 3393 228 3482 ‚sed
259 3413 298 3470 et
318 3390 576 3472 Barbaros-um
606 3395 783 3499 plerique
814 3399 1031 3499 ambigunt,
1071 3390 1153 3491 qui,
1178 3389 1243 3460 in-
1364 3470 1367 3476 .

160 3500 318 3604 digenas
340 3528 380 3579 se
407 3527 507 3595 esse,
535 3517 576 3576 et
599 3506 770 3580 omnium
789 3504 990 3582 hominum
1012 3501 1156 3604 primos
1178 3494 1243 3569 ri-

161 3626 221 3685 tae
246 3608 536 3685 commoditates
555 3609 762 3705 invenisse,
790 3630 839 3686 et·
855 3638 916 3686 res
947 3605 1048 3714 apud.
1069 3631 1109 3680 se
1122 3617 1242 3691 *actas

114 3738 117 3742 ⁴
163 3744 185 3788 a
208 3716 384 3817 plurimis
403 3715 491 3793 inde
512 3713 647 3791 seculis
670 3717 869 3791 literarum
889 3726 1135 3794 monumenta
1158 3731 1244 3780 me·

162 3823 306 3916 ruisse,
333 3821 513 3926 jactitant.
540 3819 823 3926 Nosequidem
848 3825 894 3899 de
920 3819 1141 3922 antiquitate
1164 3812 1245 3888 sin-

164 3931 357 4031 gulorum,
374 3947 552 4030 quaeque
571 3926 744 4005 nationes
767 3931 850 4004 aliis
868 3948 1043 4032 tempore
1066 3938 1106 3999 et
1127 3941 1246 4020 quan·
1316 3977 1320 3984 .

165 4052 205 4111 to
234 4060 423 4128 annorum
455 4058 619 4111 numero
652 4037 726 4111 sint
759 4038 929 4141 priores,
969 4029 1064 4111 certi
1097 4018 1246 4126 aliquid

167 4167 243 4220 non
265 4137 532 4223 'definiemusf‘
559 4138 645 4216 Lib.
665 4143 692 4220 1.
712 4169 744 4220 c.
762 4141 798 4220 9.
825 4144 937 4222 Item:
966 4135 1137 4236 „Rerum
1160 4157 1245 4210 me-
