2752 4776
315 363 388 442 164

329 532 395 660 '1)
422 557 700 659 Argumentum
722 582 771 632 ex
788 554 988 633 Thuroczii
1013 551 1205 633 Chronico
1234 576 1334 630 sum·

259 682 368 772 ptum
390 661 552 739 diversis
570 659 649 764 jam
665 662 851 738 obtritum
871 681 930 740 est
943 664 1156 766 responsiss
1176 688 1256 740 uon
1277 660 1334 735 di·

259 776 312 850 cit
351 769 698 875 episcopatum
719 798 742 843 a
778 767 815 843 S.
846 768 1021 872 Ladislao
1056 785 1331 862 constructum,

256 876 324 956 sed
351 877 738 969 monasterium
765 873 943 977 Legenda
964 877 1079 987 etiam
1108 891 1331 964 controver-

256 985 370 1073 tensis
391 979 611 1073 clarissimi,
640 981 832 1080 quoddam
860 978 1032 1076 illustre,
1056 1000 1208 1059 sacrum
1238 1007 1331 1056 mo*

256 1089 563 1180 musterium,
589 1085 696 1184 dicit,
722 1089 993 1189 monasterium
1016 1114 1113 1165 vero
1136 1113 1225 1164 cum
1259 1087 1327 1189 ipsi

254 1194 490 1286 Thuroczio,
517 1208 601 1266 tum
632 1194 748 1282 etium
770 1194 882 1290 ¹aliis,
906 1193 1126 1271 distinctum
1152 1193 1249 1293 quid
1276 1206 1329 1267 est

225 1351 234 1393 .·
254 1304 301 1391 sb
322 1302 553 1406 episcopatu.
579 1297 665 1401 Nec
674 1299 710 1396 is
728 1323 858 1383 secum
876 1301 957 1379 siue
981 1300 1205 1377 necessitate
1226 1319 1327 1375 com·

253 1404 460 1486 mittendus
473 1421 546 1483 est:
559 1396 1328 1510 contradiceret'quippesibimet,sipost·

256 1516 371 1615 quam
397 1528 580 1615 regnante
609 1509 812 1589 Salomone
841 1504 1136 1593 identidem¹
1152 1500 1325 1615 Episcopi

254 1619 428 1696 meminit
468 1615 931 1713 Varadieusis,·hic
979 1621 1326 1724 episcopatum

252 1725 443 1802 docuisset
455 1724 624 1830 primum
636 1750 657 1796 a
668 1721 705 1799 8.
718 1747 813 1825 rege,
826 1718 1003 1801 Ladislao
1016 1719 1227 1824 fundatum.
1247 1714 1328 1794 Fuit

250 1832 367 1938 proin
389 1829 463 1907 hoc
475 1825 1072 1935 monasterium.p1·uepo.siturale,
1084 1828 1213 1930 qualia
1224 1844 1326 1904 erant

248 1934 380 2035 Albae,
393 1933 540 2014 Vetere
558 1936 701 2030 Budas,
720 1934 926 2038 strigonii,
946 1936 1208 2041 Aguratum
1226 1927 1324 2010 alibi.

347 2153 389 2244 2)
416 2149 583 2256 Capitale
609 2149 684 2226 viri
710 2145 905 2228 clarissimi
938 2176 960 2229 e
983 2147 1131 2229 statutis
1162 2145 1328 2227 Varadi·¹

249 2256 427 2334 uersibus
447 2261 547 2331 circa
571 2284 710 2339 annum
742 2258 872 2353 1575„
897 2274 942 2333 ut
965 2260 1004 2330 in
1026 2256 1165 2334 Codice
1190 2255 1327 2363 Diplo·

248 2365 387 2439 matico
410 2364 563 2459 notavi,
579 2364 732 2463 scriptis
752 2381 917 2438 sumtum
935 2381 1202 2464 argumentum
1222 2355 1328 2464 quod

249 2473 404 2545 attinet:
426 2471 576 2545 illorum
606 2468 697 2543 fides
727 2463 867 2545 codicis
896 2469 1227 2562 Comendoncani,
1254 2459 1330 2545 Le-

251 2577 395 2678 gendae
418 2577 512 2650 item
537 2574 584 2651 ab
608 2574 774 2650 Auctore
796 2574 911 2667 editi,
948 2567 1324 2676 atque.l'l1uroczia··

249 2686 290 2756 ni
317 2680 494 2761 Chronici
515 2677 751 2774 auctoritati,
782 2683 848 2788 qui
868 2703 948 2757 unu
971 2708 1037 2758 ore
1054 2683 1327 2760 monasterium

251 2787 301 2864 ad
315 2790 465 2892 ripam,
502 2787 564 2862 vel
590 2802 746 2888 portum
775 2786 922 2887 Chrysii
950 2803 1214 2864 constructum
1237 2817 1259 2862 s
1289 2789 1327 2864 8.

250 2886 425 2971 Ladislao
446 2893 822 2982 monasterium,
839 2896 1216 2997 nouepissopatum,
1235 2897 1326 2998 per-

228 3001 415 3091 nibent,
429 2996 691 3100 praejudicare
715 2991 868 3097 nequit!
893 3001 1100 3101 suntenim
1130 2997 1168 3073 hi
1188 3000 1267 3076 illis
1289 3016 1328 3078 et

251 3102 503 3196 vetustiores,
530 3118 570 3177 et
590 3103 629 3174 iu
645 3098 753 3178 fastis
777 3102 952 3193 notandis
969 3101 1250 3207 diligentiores.

262 3270 265 3275 ⁴
290 3281 293 3284 ⁴
331 3288 398 3390 5)
415 3288 595 3393 Apsimus
615 3313 702 3385 sane
725 3250 920 3395 ambigere
926 3317 1059 3473 fiuum
1084 3278 1326 3388 statutorum

182 3473 185 3479 s
251 3389 408 3476 illorum
432 3400 578 3475 Auctor
599 3395 639 3472 iu
661 3391 925 3500 consignando
958 3401 1173 3505 piscopatus
1201 3394 1328 3474 Vara·

144 3560 146 3564 .
251 3507 391 3582 diensis
418 3508 616 3583 conditore
652 3532 730 3583 non
761 3504 958 3581 erraverit.
999 3505 1327 3606 Quaerimusquet

249 3613 445 3706 anillitu
457 3628 475 3700 t
480 3641 501 3697 c
523 3610 754 3688 credendum
771 3609 922 3687 necne?
938 3607 980 3685 Si
988 3626 1072 3686 tute
1079 3608 1339 3707 credendum,

248 3719 355 3820 quod
379 3720 440 3793 vir
472 3719 525 3794 Cl.
547 3744 619 3822 sup
648 3719 751 3808 onit,
776 3733 856 3791 tum
879 3741 927 3792 ex
952 3715 1078 3821 ipsius.
1101 3717 1326 3794 testimonio

246 3830 489 3930 episcopatus
512 3747 782 3901 Varadineusis
805 3813 881 3923 jam
904 3838 992 3898 aute
1012 3819 1233 3901 Ladislaum
1254 3850 1329 3898 ex-

243 3935 390 4023 titerat3
417 3925 470 4004 ait
489 3930 649 4031 euim'p.
671 3930 760 4004 222.
779 3918 1009 4030 „privilegia
1031 3921 1220 4031 Ecclesiae
1243 3929 1328 4003 Va⁴

240 4036 450 4114 radinensis
470 4035 728 4133 a--Geysa
747 4051 795 4108 ct
820 4031 1058 4110 Ladislao
1079 4051 1167 4107 suut
1192 4061 1327 4111 con*

238 4130 454 4220 firmata
484 4143 577 4237 (non
610 4138 824 4236 concessa),
865 4145 971 4242 atqui
1001 4139 1243 4248 episcopatus
1275 4167 1321 4217 ac
