2752 4776
1123 352 1170 431 lb

142 547 456 650 *antiquissimum
474 545 607 651 Argivi
628 570 712 624 esse
736 544 940 625 confidant
979 545 1084 621 Duas
1107 546 1227 650 igitur

136 680 211 732 res
232 655 439 754 Manethon
460 659 642 731 maximas
662 681 733 759 pro
756 654 866 730 nobis
884 653 1081 756 Aegyptiis
1102 653 1226 729 literis

142 778 381 868 protestatus
421 780 495 839 est:
543 764 705 864 primam
736 761 911 860 quidem,
950 752 1040 860 quia
1072 759 1226 836 aliunde

143 887 337 945 venerunt
369 870 418 945 ad
441 868 677 972 Aegyptum,
714 866 852 942 deinde
874 886 1066 969 egressum
1089 893 1225 943 eorum

141 973 292 1050 exinde.
316 976 372 1057 ita
406 977 640 1079 temporibus
676 975 998 1072 antiquissimum,
1025 988 1068 1045 ut
1101 998 1226 1077 poene

142 1081 250 1156 mille
271 1083 377 1157 annis
398 1081 542 1158 bellum
564 1082 765 1189 praecedat
785 1080 990 1154 Illiacum.“

184 1242 308 1335 Troiae
321 1246 477 1316 excidium
495 1249 630 1334 contigit
645 1271 727 1312 anno
744 1246 984 1314 antechristum
1002 1247 1225 1326 1194-11843

236 1333 328 1420 juxta
348 1336 476 1401 Pindari
506 1339 613 1420 Olym.
642 1333 719 1396 Vlll.
742 1335 780 1395 41
801 1354 848 1417 sq.
877 1352 960 1396 vero
985 1353 1067 1393 anno
1099 1334 1224 1394 1124-

239 1421 340 1496 1114,
372 1421 460 1503 quod
488 1419 720 1483 recentioribus
738 1414 954 1500 chronologiis
970 1415 1129 1501 probatur
1155 1437 1226 1478 ma-

211 1502 302 1602 'giaf¹
328 1508 444 1569 cecinit
470 1504 552 1567 illud
569 1508 730 1568 Homerus
755 1503 842 1567 annis
858 1521 963 1587 prope
985 1499 1221 1588 quadringentis

239 1607 348 1651 serius.
797 1621 799 1626 .

237 1713 271 1815 ξ.
292 1717 353 1791 45.
383 1716 611 1823 Conspirant
638 1717 870 1795 recentiores
893 1742 1049 1818 quoque
1071 1716 1223 1794 Critici:

139 1822 281 1899 Petrus
315 1821 587 1926 Wesselingius
620 1827 660 1897 in
683 1821 844 1898 Scholiis
876 1823 923 1896 ad
952 1822 1141 1900 Herodoti
1173 1825 1226 1898 li-

139 1929 260 2006 brum
280 1929 326 2002 11.
360 1955 418 2001 nr.
439 1927 489 2002 90
516 1931 584 2003 ait:
623 1927 843 2023 „Diodorus
865 1927 1020 2030 quidepr
1045 1928 1158 2004 Sicul.
1187 1932 1222 2026 l,

140 2033 206 2110 55.
243 2032 330 2106 eard
364 2028 506 2128 ysrdtc,
542 2035 624 2109 Vll.
654 2034 982 2136 generationibus,
1019 2031 1223 2111 Sesostrim

140 2138 321 2217 Moeride
358 2142 610 2217 recentiorem
643 2141 789 2234 statuit,
831 2159 980 2216 secutus
1014 2141 1126 2239 ali0s3
1155 2142 1223 2222 sed

141 2244 313 2321 Nostri
348 2247 477 2322 notior
522 2264 581 2322 est
609 2246 700 2323 fides
736 2264 776 2325 et
808 2249 1032 2342 auctoritas,
1079 2250 1222 2354 quippe

140 2352 264 2428 multo
284 2353 505 2428 vetustioris
529 2378 572 2426 ac
585 2355 723 2429 seriem
744 2377 879 2452 regum
897 2370 936 2426 et
958 2378 1222 2440 successorum
1265 2445 1268 2449 y

140 2455 325 2535 Sesostris
345 2460 399 2532 ita
419 2460 697 2552 connectentiS,
724 2476 766 2532 ut
788 2458 885 2535 bene
907 2458 1098 2562 procedat.
1126 2461 1223 2535 Per·

140 2564 240 2640 tinet
261 2563 335 2638 huc
354 2565 505 2665 elegans
526 2580 565 2642 et
585 2584 746 2669 operosa
764 2562 971 2668 disputatio
983 2564 1222 2670 Ampl.Bou-

138 2667 246 2764 beri,
281 2670 436 2746 Dissert.
466 2670 610 2748 Herod.
643 2697 723 2775 cap.
756 2672 791 2744 7.
845 2669 930 2743 lam
961 2696 1049 2745 cum
1075 2670 1222 2746 Moeris

139 2776 249 2851 annis
261 2773 384 2869 ferme
399 2779 601 2879 nongentis
619 2777 724 2879 prius
742 2794 908 2851 mortem
923 2801 1011 2870 cum
1023 2778 1102 2852 vita
1114 2801 1220 2852 com-

139 2882 358 2976 mutaverit,
378 2909 494 2985 quam
502 2882 723 2959 Herodotus
744 2885 785 2955 in
795 2882 1013 2986 Aegyptum
1033 2881 1109 2957 fuit
1131 2909 1221 2985 pro·

139 2987 264 3064 fectus
296 3012 376 3094 cap.
413 2989 472 3064 15.
504 2989 668 3067 abierint
705 3007 903 3095 praeterea
942 2989 1029 3061 anni
1066 2991 1221 3066 circiter

142 3094 349 3194 octingenti
374 3124 396 3169 a
414 3095 517 3171 bello
528 3095 692 3196 Trojano
714 3094 761 3168 ad
780 3093 951 3198 ejusdem
975 3121 1096 3195 usque
1116 3114 1220 3172 tem*

138 3226 236 3307 pora
258 3225 337 3304 cap.
357 3200 442 3274 145.
462 3219 501 3277 et
525 3200 572 3275 ab
587 3201 766 3296 Hercule,
792 3199 997 3277 Alcmenae
1019 3202 1111 3296 lilio,
1134 3199 1217 3278 fere

141 3310 345 3406 nongenti,
378 3309 621 3408 consequitur
654 3334 703 3382 ex
735 3306 792 3382 his
815 3309 977 3381 narratis
1004 3306 1217 3403 manifesto,

138 3410 344 3488 Sesostrim
375 3439 423 3488 ne
452 3416 603 3518 integro
638 3413 793 3514 quidem
812 3415 940 3489 seculo
963 3432 1048 3490 ante
1073 3415 1219 3491 bellum
1240 3448 1243 3453 ’

138 3517 350 3620 Trojanum
380 3520 535 3613 vixisse,
571 3524 769 3620 aequalem
793 3518 972 3612 Herculi,
1012 3520 1216 3597 Alcmenae
1328 3590 1330 3595 .

138 3622 241 3716 filio,
268 3627 329 3699 vel
348 3627 464 3730 paulo
484 3623 716 3723 inferiorem.
770 3626 884 3699 Plura
901 3626 978 3699 Jac.
996 3627 1218 3704 Perizonius

109 3722 427 3835 'OrigAegypt
456 3757 536 3834 cap.
561 3732 646 3808 16.“
700 3733 885 3808 Graevius
920 3734 961 3815 in
981 3730 1143 3808 Scho'liis
1170 3731 1220 3807 ad

139 3835 280 3910 tustini
312 3837 556 3942 Philippicas:
607 3837 756 3935 „Fuere
791 3837 948 3940 quidem
978 3838 1217 3943 temporibus

135 3943 377 4044 'antiquiores
406 3943 588 4022 Sesostris
616 3944 781 4050 Aegypti
813 3962 853 4019 et
869 3944 1016 4020 Tannus
1040 3944 1215 4044 Scythiae

120 4048 256 4142 ,rex‘ss
286 4049 416 4152 legunt
439 4050 573 4156 Angli:
606 4049 890 4157 temporibus
926 4052 1137 4152 antiquis·
1164 4089 1222 4110 -

139 4154 247 4261 Quae
273 4171 334 4266 est
364 4160 680 4262 praestantissima
705 4177 744 4237 et
766 4158 956 4235 Historiae
972 4159 1219 4267 ,convenien-
