2752 4776
1010 359 1082 442 175

157 555 258 640 tint,
288 553 372 648 quin.
389 552 634 627 lundinensern
663 547 728 644 jam
755 551 952 624 Proto-rex
984 556 1139 626 condidit.

157 656 235 716 Cum
248 647 494 713 Nitrieusisunte
508 645 672 713 colomani
691 653 837 729 tempore
856 643 1044 706 instauratus
1055 642 1141 707 haut

157 735 276 811 fuerits
308 731 553 799 Vuredinensem
574 730 797 814 Episcopatum
818 749 837 790 e
855 726 987 793 denario
1004 747 1140 792 numero
1191 786 1194 790 .

156 811 342 895 resecando,
364 815 586 879 auctoritatem
607 811 774 891 Harttvici,
797 827 892 898 quem
910 810 1031 892 edidit,
1055 831 1142 896 qno-

158 901 381 983 modocnnqnc
400 918 469 961 rem
497 900 662 985 torqueat,
694 913 807 967 errore
830 894 1005 977 ‚immunem
1029 893 1140 961 necti·

157 1001 250 1074 quam
275 983 461 1068 prcettsbit.
1129 994 1132 999 '

118 1224 120 1229 ·
158 1184 191 1284 g.
214 1186 273 1262 26.
301 1186 454 1279 Restat,
483 1195 527 1260 ut
545 1179 613 1264 illa
631 1184 766 1275 etiam,
790 1199 888 1282 ques
908 1195 1040 1258 contra
1058 1180 1139 1260 vim

61 1309 374 1395 argumentorum
392 1286 558 1366 hucdum
571 1284 846 1396 productorum
858 1289 1018 1466 exeipit,
1030 1283 1147 1388 ¹lraud·

61 1415 363 1504 praetereamusz
396 1395 617 1491 ,Maxime-5
653 1396 800 1495 lnquit,
832 1392 939 1471 obor
956 1411 1019 1469 tur
1037 1394 1140 1468 diffi-
1175 1422 1177 1426 ·

61 1507 205 1594 cultas,
243 1497 471 1579 eminenti
491 1498 758 1579 ¹Tlsuroctiuul·
777 1501 823 1575 Pr
838 1498 887 1575 112
911 1524 991 1603 unp.
1017 1499 1078 1575 49.
1100 1513 1140 1601 et

61 1612 125 1685 60.
144 1631 231 1684 cum
248 1628 356 1685 nuno
382 1604 493 1684 1070.
512 1631 598 1709 quo·
609 1607 645 1682 S.
665 1604 867 1683 Lsdisleus'
880 1606 1012 1682 contri
1031 1605 1140 1680 Chu-

59 1737 132 1792 nos
158 1714 415 1818 depugnatum,
445 1712 585 1820 filiam·
608 1711 777 1819 episcopi
808 1712 1138 1789 Varadlensi's

58 1839 268 1916 memoret3
295 1847 392 1897 armo
411 1846 505 1898 vero
528 1817 644 1911 1075.
671 1818 763 1896 dicit
782 1815 1015 1926 Episcopum
1034 1817 1139 1894 Vn-

60 1925 348 2004 radiensem
374 1954 461 2003 cum
486 1927 633 2004 Comite
661 1925 802 2001 Watlsa
829 1927 877 2001 ud
897 1924 1138 2004 Salomonem

60 2058 192 2134 regem
209 2032 434 2136 ablegatum.
450 2052 502 2088 ·-·-
527 2032 602 2108 Ast
619 2022 696 2106 non
709 2030 823 2127 dico,
851 2032 957 2137 quod
977 2030 1139 2133 Muglcn

61 2157 101 2216 ct
122 2163 274 2213 carmen
290 2139 522 2216 Historicum'
543 2142 750 2241 utrumque
778 2133 918 2215 factum
940 2135 1139 2241 ignorent,

60 2261 99 2322 ct
115 2241 339 2322 traditiones
360 2244 566 2348 praefatam
586 2242 816 2349 virginemn
835 2243 872 2319 S.
893 2239 1068 2321 ladislao
1086 2242 1139 2319 li·-

60 2350 250 2444 berat‘sm,
278 2351 555 2452 Hungarem
583 2345 731 2445 ferent,
758 2367 797 2427 et
819 2378 897 2427 non
926 2349 1140 2428 Varadien-
1182 2424 1185 2429 ,

59 2456 110 2533 sis
133 2458 300 2562 episcopi
334 2457 469 2552 fillam3
511 2455 601 2532 haec
623 2456 818 2534 difficultas
842 2476 975 2562 suapte
995 2481 1137 2533 evene·-

56 2565 147 2655 scit,
173 2564 300 2667 posito
319 2590 393 2657 eo,¹
415 2564 521 2665 quod
543 2563 754 2659 Ladislaus,
774 2564 840 2673 qui
862 2587 937 2663 qus
958 2564 1046 2641 Dux
1062 2562 1138 2662 jam
1220 2601 1226 2619 =
1288 2574 1292 2586 ’

57 2670 205 2770 regioni
239 2668 328 2743 huic
353 2667 642 2763 dominabatur,
689 2694 810 2775 regno
838 2672 1009 2748 nondum
1040 2669 1138 2745 inito

57 2777 304 2878 proposuerit
333 2775 498 2879 condere
520 2774 765 2852 Varudi'nnm'
786 2795 825 2852 et
850 2777 1147 2881 episcopatum,-

58 2882 152 2982 quin
176 2898 213 2956 et
232 2883 424 2957 ecclesiam
445 2877 703 2958 ‘construxerit
728 2881 985 2985 collegiatam,
1019 2880 1141 2983 quam'

57 3008 149 3062 mox
165 3009 284 3088 regno
299 2989 463 3088 aquisito
486 2991 652 3066 erexerit
665 2991 704 3062 in
727 2990 998 3094 episcopalem:
1016 3013 1138 3091 nege·-

55 3095 90 3167 ri
102 3095 244 3196 quippe
257 3099 402 3197 nequit,
421 3096 545 3182 Duces
561 3097 686 3198 regios
707 3097 858 3172 tertiam
868 3095 975 3200 regni
987 3111 1136 3202 partem

56 3226 234 3303 supremo
256 3202 466 3276 obtinuisse
492 3200 682 3277 dominio:
722 3203 936 3279 testimonia
960 3199 1071 3309 hujus
1096 3196 1138 3282 in
1222 3196 1224 3200 ’

64 3302 203 3381 Codice
214 3306 244 3379 F
246 3303 414 3408 ejdrieno
424 3308 615 3410 leguntur.
629 3307 669 3406 2)
681 3308 774 3385 Prae
803 3302 1138 3412 osituraveromij·

57 3431 142 3506 nor,
164 3429 207 3485 ut
216 3413 255 3486 in
269 3409 439 3516 ejusdem
449 3410 604 3527 capituli
614 3336 1050 3494 habeturltaradinensis
1061 3408 1139 3488 do-

54 3536 247 3614 cumento,
267 3519 395 3595 seculo
413 3519 580 3623 primum
600 3517 744 3596 XIV-o
758 3528 842 3599 orte
861 3516 949 3629 fuitq
960 3514 1139 3617 „chanan

54 3624 165 3699 dinus
194 3625 287 3701 olim
316 3625 555 3728 Praepositus
587 3625 767 3702 ecclesiae
798 3636 951 3705 nostrae
982 3625 1136 3701 tandem

52 3731 374 3837 Archiepiscopus
420 3728 687 3836 strigoniensis
725 3729 1052 3833 (tntu-4551.)
1088 3729 1136 3827 dc

52 3834 240 3912 consensu
257 3837 434 3945 Episcopi
450 3836 566 3938 'atque
585 3856 738 3934 nostru,
757 3840 972 3917 'Ecclesiam
994 3836 1136 3913 Beatu'e

52 3942 223 4042 Virginis
251 3946 493 4054 minorem
525 3943 572 4020 de
592 3943 698 4055 juxta
726 3947 919 4051 porticum
944 3946 1135 4048 (portum)

51 4049 248 4125 ecclesiam
278 4068 472 4146 nostram,
512 4046 636 4127 erexit
661 4054 701 4125 ln
724 4052 979 4156 collegiatam,
1018 4048 1133 4126 insti'-

51 4174 173 4233 tuens.
191 4159 229 4230 in
257 4157 584 4263 ea‘Prtepositum
603 4174 643 4235 et
663 4183 731 4237 sex
758 4156 989 4253 canonicos,
1009 4175 1052 4232 ut
1072 4153 1134 4233 ci-

657 4304 665 4339 l
