2752 4776
291 336 342 420 'tt

318 535 358 637 §.-
375 536 435 614 10,
463 531 721 610 lineamentis
738 523 919 633 Stephani
941 528 1118 610 Horvatii
1156 538 1197 611 in
1232 542 1315 612 mi—

220 643 379 719 nusculo
409 639 614 732 exhibitis,
650 652 854 736 antequam
886 637 1162 742 disquisitionis
1199 642 1312 720 filum

220 764 404 842 texamus,
433 749 525 823 artis
548 744 727 821 historiae
749 740 972 819 scribendae
991 768 1193 851 praecepta
1217 767 1322 825 sunt·

142 855 143 861 ’
219 855 331 931 nobis
367 850 592 956 attingenda.
639 847 794 924 Summa
824 875 961 926 eorum
982 855 1105 958 capita
1127 855 1179 931 M.
1207 855 1310 930 Tul-

216 960 293 1035 lius
307 959 445 1038 Cicero
470 960 570 1038 libro
594 952 761 1032 secundo
792 951 840 1030 de
863 973 1018 1032 oratore
1053 961 1307 1062 sequentibus

216 1065 417 1142 delibavit:
450 1066 573 1160 „Quis
596 1062 735 1152 nescit,
768 1060 911 1162 inquit,
939 1064 1102 1164 primam
1124 1093 1207 1142 esse
1225 1067 1306 1139 Hi-

215 1171 356 1249 storiae
378 1173 525 1274 legem,
552 1164 696 1269 nequid
720 1162 802 1241 falsi
824 1165 952 1243 dicere
974 1170 1131 1265 audeat,
1162 1172 1305 1249 deinde

216 1277 362 1378 nequid
382 1280 463 1355 veri
486 1301 566 1351 non
587 1271 749 1362 audeat?
775 1271 834 1346 Ne
867 1298 942 1372 qua
966 1279 1130 1380 suspicio
1156 1280 1303 1381 gratiae

106 1402 112 1412 ’
215 1384 265 1460 sit
285 1387 326 1457 in
347 1381 566 1476 scribenda,
594 1405 739 1479 nequa
759 1378 990 1454 simultatis?
1026 1383 1132 1458 Haec
1155 1385 1304 1460 scilicet
1359 1391 1361 1395 ’

215 1487 459 1579 fundamenta
477 1507 568 1565 nota
587 1503 675 1563 sunt
699 1482 884 1561 omnibus.
921 1488 1008 1587 Ipsa
1030 1508 1160 1566 autem
1180 1515 1302 1566 exae-

216 1593 382 1672 dificatio
400 1599 521 1702 posita
540 1611 597 1669 est
613 1594 653 1664 in
671 1592 787 1675 rebus
812 1607 851 1664 et
864 1593 1000 1669 verbis.
1029 1594 1176 1672 Rerum
1196 1599 1301 1674 ratio

215 1699 393 1781 ordinem
411 1720 628 1807 temporum
651 1696 903 1774 desideratae
923 1702 1125 1800 regionum
1150 1701 1304 1778 descri-

141 1843 143 1847 ·
215 1807 388 1914 ptionem
410 1825 480 1884 etc.
527 1805 702 1882 Alteram
721 1801 834 1877 Anna
853 1804 1066 1901 comnena,
1096 1833 1195 1907 quae
1223 1813 1301 1911 pa-

215 1914 286 1989 tris
310 1915 369 1988 sui
389 1912 515 1989 Alexii
534 1939 596 1988 res
617 1928 742 2013 gestas
763 1913 999 2011 composuit,
1028 1916 1068 1984 in
1089 1919 1298 2016 prooemio

213 2019 417 2118 Alexiados
429 2018 565 2095 edixit:
587 2017 654 2111 „Si
676 2018 762 2118 quis
771 2014 992 2110 Historiam,
1013 2038 1129 2121 prout
1150 2048 1300 2098 eonve-

214 2126 288 2219 nit,
315 2126 480 2200 scribere
499 2126 694 2229 suscipiat,
721 2121 822 2196 bunc
845 2139 883 2195 et
905 2149 1035 2198 amore
1055 2142 1093 2198 et
1114 2126 1203 2202 odio
1222 2157 1299 2203 va-

215 2257 301 2307 care
324 2248 496 2335 oportet3
524 2269 576 2285 -
610 2255 721 2333 saepe
752 2228 869 2303 etiam
891 2230 990 2329 vitae
1014 2232 1296 2311 necessitudine

166 2371 169 2378 ¹
202 2336 439 2441 conjunctos
463 2335 705 2440 vituperabit,
728 2335 758 2405 si
779 2335 880 2409 ritae
904 2332 1041 2410 delicta
1062 2335 1135 2412 hoc
1161 2357 1299 2415 osten·

214 2442 343 2519 derrt.“
369 2444 505 2517 Fusius
532 2442 688 2517 omnino
704 2439 900 2540 Polybius:
929 2438 1049 2535 „Sane
1068 2446 1226 2545 quidem
1251 2448 1297 2522 in

178 2560 180 2564 '
213 2551 350 2625 ceteris
377 2549 475 2625 vitae
503 2547 673 2652 partibus
694 2592 745 2607 -
768 2573 838 2651 par
860 2563 939 2640 est,
966 2566 1010 2621 ut
1026 2552 1084 2623 vir
1106 2550 1231 2626 bonus
1251 2571 1295 2628 et

189 2658 424 2733 ‘amicorum
446 2672 485 2730 et
500 2654 644 2760 patriae
666 2653 716 2728 sit
739 2677 878 2748 amans3
906 2680 1039 2728 verum
1069 2654 1131 2728 vbi
1151 2656 1296 2733 Histo-

211 2762 281 2836 rici
302 2788 502 2866 personam
521 2760 658 2861 aliquis
678 2759 852 2862 suscepit,
879 2755 1018 2834 borum
1040 2764 1212 2836 omnium
1231 2764 1292 2840 illi

212 2867 528 2944 obliviscendum:
555 2895 642 2943 nam
667 2881 707 2938 vt
733 2866 875 2940 animal
904 2865 1111 2942 luminibus
1130 2868 1293 2944 ademtis

137 3003 146 3012 ·
209 3000 369 3077 prorsus
387 2976 518 3048 inutile
540 2970 736 3068 redditur3
768 2973 841 3067 ita,
870 2975 901 3045 si
926 2976 1126 3050 veritatem
1149 3002 1196 3050 ex
1214 2977 1293 3049 Hi-

209 3083 329 3156 storia
364 3079 499 3172 tollas,
536 3105 633 3180 quae
664 3095 838 3181 superest
869 3080 971 3153 illius
1002 3084 1192 3174 narratio,
1230 3100 1293 3158 est

208 3187 351 3261 nullius
386 3188 514 3260 usus.“
540 3186 710 3260 Tertiam
739 3212 761 3257 a
788 3189 963 3290 personis
988 3205 1102 3287 atque
1125 3189 1289 3284 actione,

211 3292 510 3368 circumstantias
542 3292 600 3368 rei
632 3305 776 3394 gestae,
805 3318 901 3391 quae
919 3293 1024 3369 ,duae
1053 3314 1158 3368 sunt:
1185 3312 1290 3371 tem-

209 3425 282 3500 pus
309 3416 348 3473 et
375 3403 504 3494 locus,
530 3395 774 3500 negligendas
804 3397 905 3472 baud
925 3423 1023 3494 esse;
1051 3405 1292 3477 commonuit

208 3506 249 3577 in
270 3506 456 3581 oratione:
484 3504 622 3610 „Apud
651 3528 750 3602 quos
770 3503 925 3604 confusa
955 3524 994 3581 et
1018 3505 1205 3582 dissoluta
1226 3522 1288 3583 est

208 3627 426 3718 temporum
451 3630 502 3714 et,¹
519 3613 694 3687 locorum
724 3612 842 3703 ratio,
881 3612 1057 3686 illis'nec
1089 3613 1285 3689 Historiae

208 3722 348 3794 veritas
382 3735 554 3794 constare
595 3719 757 3822 potest.“
803 3713 859 3790 cf.
894 3719 1009 3792 etiam
1037 3721 1285 3795 Eustathium

206 3825 481 3901 commentario
505 3827 545 3897 in
566 3824 794 3926 Dionysium
813 3824 1080 3925 Periergetem.

184 4070 186 4074 ⁴
250 4085 252 4088 ·
301 4037 334 4138 ᾗ.
359 4039 416 4115 11.
454 4037 626 4115 Historia
651 4037 761 4114 laude
790 4037 909 4141 magis
931 4065 1087 4133 eorum,
1115 4045 1181 4142 qui
1219 4047 1285 4118 vi-

206 4162 317 4240 tunt,
352 4163 391 4222 et
419 4147 559 4248 gloria,
595 4171 711 4249 quam
739 4145 972 4250 posteritatis
1002 4147 1142 4252 scripta
1152 4202 1163 4244 ,
1191 4153 1279 4226 cul·
1329 4227 1332 4232 ,
