2752 4776
205 331 279 446 sa

121 584 124 593 -
151 532 236 627 dia3
265 530 498 628 Praesulque
524 530 669 635 primus
693 529 895 608 Alevinus:
924 533 1070 635 gloriae
1092 530 1149 607 illi
1171 560 1221 608 sa-

151 640 222 731 tis,
249 637 436 728 maxima,
475 639 508 708 si
528 663 642 712 unam
667 635 928 738 syrmiensem
951 642 1138 747 excipias,
1172 641 1223 715 in-

151 760 210 820 ter
231 759 384 819 cunctas
397 742 522 843 Regni
542 745 664 817 nostri
685 745 819 838 sedes,
837 764 1019 822 vetustas:
1040 747 1222 848 conjectu·

149 852 222 942 ris,
250 847 359 924 nullo
376 846 477 924 facto
496 867 622 941 certo,
650 877 693 925 ac
710 852 945 946 indubitato,
965 855 1067 926 nixis
1080 855 1162 944 uti,
1188 853 1222 926 ad

149 957 432 1031 institutionem
452 953 626 1059 ejusdem
649 960 796 1060 primae
813 960 953 1054 aetati,
990 959 1223 1061 Fritigildae-

149 1088 226 1163 que
259 1064 435 1167 Pprenti‚
478 1060 788 1159 adscribendam,
835 1067 920 1168 ipso
950 1064 1123 1143 Auctore
1142 1091 1223 1141 con-

135 1172 335 1246 sentiente
362 1171 499 1244 vitium
520 1186 579 1243 est
598 1199 636 1273 p.
667 1170 705 1244 5.
733 1168 767 1269 §
788 1174 823 1249 2.
1088 1200 1091 1207 ·

100 1469 104 1478 ·
206 1425 261 1513 ΙΙ.
279 1427 557 1514 Instauratio
578 1427 884 1567 Episcopatus
909 1429 1159 1519 Nitriensis

179 1579 181 1583 ⁷
607 1572 769 1663 pruma.

243 1794 280 1895 ἑ.
315 1798 377 1871 14.
420 1793 625 1871 Nitriensis
653 1793 843 1886 Ecclesia,
889 1818 1006 1896 quam
1036 1795 1225 1888 Frisium,

146 1904 267 2011 partis
286 1900 485 1979 Moraviae
504 1901 706 1994 Dominus,
726 1898 971 1993 condiderat,
986 1899 1226 1993 Adelramus,

145 2009 317 2087 Arnonis
342 2012 384 2083 in
412 2005 501 2086 'sede
525 2008 741 2082 Juvaviensi
771 2032 994 2100 successor,
1023 2008 1226 2085 honoribus

145 2116 189 2192 ὃ,
207 2117 426 2193 Emmerani
448 2126 740 2190 consecraverat
764 2114 875 2189 anno'
893 2115 991 2214 828..
1012 2115 1108 2207 „Cui
1136 2116 1227 2214 (Pri-

145 2223 300 2320 rianae)
317 2221 546 2297 Adalramus
566 2221 613 2294 A.
630 2220 842 2322 Episcopus
863 2221 964 2325 ultra
986 2221 1226 2313 Danubium,

146 2331 188 2404 in
220 2329 309 2406 loco
340 2346 477 2405 vocato
497 2325 656 2407 Nitraro
668 2391 680 2433 ‚
718 2329 955 2403 consecravit
987 2319 1229 2420 Ecclesiam“,

146 2438 200 2510 ita
219 2435 392 2511 Historia
414 2435 680 2510 conversionis
692 2433 1003 2508 carentanorum.
1018 2476 1071 2490 —
1099 2435 1228 2512 Eccle-

146 2544 221 2617 sias
247 2540 483 2634 Moravicas,
522 2542 637 2641 proin
668 2539 903 2614 Nitriensem
931 2565 1113 2642 quoque,
1151 2550 1238 2646 post

79 2682 98 2730 y
148 2649 306 2742 Urolfi,
341 2647 586 2738 Auarorum,
636 2643 999 2747 Marabensiumque
1033 2647 1229 2751 Apostoli,
1258 2704 1261 2708 -

146 2753 374 2849 deeessum,
398 2757 466 2858 spu
485 2769 583 2828 teste
608 2753 744 2855 Pagio,
772 2752 1230 2855 criticorumceleberri-
1255 2820 1265 2847 Χ

146 2889 214 2937 mo
225 2891 356 2961 ,anno
374 2864 503 2953 libi-o
528 2858 678 2954 accidit,
692 2861 934 2963 superstitem
952 2861 1143 2954 extitisse,
1159 2860 1231 2934 Ba-

143 2970 270 3044 nariae
296 2968 520 3044 Pra‘esulum
544 2967 593 3042 ad
611 2965 798 3042 loannem
817 2967 964 3043 [MP.
984 2993 1090 3043 anno
1110 2966 1230 3043 899-11

143 3071 372 3167 destinatae,
400 3089 547 3148 certum
578 3070 765 3147 reddunt:
794 3072 902 3176 ajunt
933 3074 1055 3150 enim:
1089 3074 1232 3168 „Terra

143 3177 394 3273 selavorum,
423 3180 490 3279 qui
511 3177 653 3252 Maraci
674 3178 875 3271 dicuntur,
895 3180 1065 3282 Regibus
1091 3183 1230 3258 nostris

143 3288 343 3382 sonabis,
372 3313 459 3362 curn
487 3285 763 3361 habitatoribus
793 3289 892 3375 suis,
930 3288 1085 3362 subacta
1105 3285 1231 3365 fuesat

142 3409 221 3467 tam
246 3395 408 3468 incultu
434 3393 654 3494 religionis,
683 3419 799 3494 quam
816 3420 864 3468 ex
884 3394 1033 3470 tributo
1058 3393 1232 3470 substan·

49 3533 52 3536 ·
143 3501 219 3576 tiae
238 3500 457 3592 saecularis3
484 3501 578 3599 quia
600 3499 738 3574 exinde
764 3502 974 3603 primum
1003 3498 1167 3593 imbuti,
1194 3516 1232 3575 et

141 3634 191 3682 ex
215 3609 368 3712 paganis
399 3605 603 3679 Christiani
632 3603 723 3680 facti
752 3623 851 3680 sunt·
879 3611 927 3683 Et
947 3606 1091 3683 idcirco
1117 3609 1230 3683 Pata·

139 3714 281 3790 niensis
305 3713 515 3819 Episcopus
538 3712 723 3806 civitatis,
750 3714 790 3784 in
812 3711 920 3815 cujus
943 3714 1092 3789 ditione
1115 3732 1231 3807 sunt,

141 3821 244 3894 illius
258 3839 435 3926 tempore
455 3819 588 3922 populi
612 3819 658 3892 ab
676 3818 836 3895 exordio
854 3820 1141 3896 christianitatis
1163 3847 1234 3896 eo·

142 3952 253 4019 rum,
282 3925 435 4029 quando
456 3926 580 4000 voluit
603 3941 642 3998 et
660 3924 814 4019 debuit,
834 3926 927 4001 illuc
948 3928 1054 4002 nullo
1072 3925 1232 4002 obstan-

142 4041 182 4107 te
214 4035 370 4111 intravit
398 4050 437 4110 et
462 4030 682 4132 synodalem
711 4057 799 4106 cum
828 4035 926 4125 suis,
947 4035 1009 4109 'et-
1030 4035 1147 4108 etiam
1175 4032 1229 4107 ibi

142 4140 326 4234 inventis,
348 4156 579 4217 conventum
597 4135 877 4238 frequentavit,
896 4157 936 4216 et
959 4140 1109 4233 omnia,
1128 4164 1228 4239 qnae
