2752 4776
971 369 973 381 ·
1005 368 1079 489 165

54 562 259 669 capitula,
303 581 471 662 quorum
500 556 700 665 privilegiu
728 555 1133 652 confirmantur,

57 689 171 746 antea
188 669 271 772 ,jam
293 669 518 758 extiterant,
546 666 803 771 episcopatum
827 688 984 766 quoque
1007 663 1134 740 Vara-

55 777 254 881 dinensem
277 775 389 879 proin
411 788 497 846 ante
525 771 687 872 Geysam
714 786 752 844 et
768 768 990 850 Ladislaum
1013 797 1136 875 opor-

58 886 136 957 tuit
161 883 339 956 extitisse.
367 876 442 953 Sed
471 902 565 949 num
596 891 707 951 tuto
740 876 775 948 ei
802 873 1033 950 credendum
1059 877 1135 971 sit,
1188 972 1191 978 ,
1310 921 1317 936 ·

57 986 168 1090 quod
190 988 484 1062 Controvertem
506 982 613 1073 vult,
641 983 897 1085 exploremus.

154 1176 189 1276 ᾗ.
213 1179 274 1253 22.
315 1174 590 1254 Recenseamus
620 1173 893 1275 l)Nomina
921 1189 970 1253 et
1001 1190 1132 1253 tem·
1163 1214 1166 1220 ·

60 1309 176 1374 nora
202 1282 501 1384 regiminum
528 1280 714 1386 Regum
741 1280 1029 1389 Hungariue
1055 1309 1137 1357 ru-

59 1378 207 1467 irrica
233 1384 495 1502 secunda.“

157 1577 195 1676 a)
220 1576 394 1672 „Relatio
420 1574 713 1679 Hungarorum‚
737 1576 779 1657 iu
802 1578 953 1683 scriptis
971 1574 1019 1656 ab
1039 1581 1134 1654 olim

64 1686 236 1787 redacta,
263 1687 365 1758 inter
387 1700 513 1769 cetera
532 1680 664 1759 habett
691 1680 797 1783 quod
822 1708 921 1760 anno
943 1683 990 1758 ab
1008 1685 1154 1759 incar-2

64 1794 221 1868 natione
252 1787 409 1863 Domini
449 1791 804 1891 octuagesimo
844 1805 1051 1882 octavo,
1086 1790 1135 1865 de
1199 1867 1203 1875 ,

62 1915 175 2001 gente
199 1892 394 1994 Scythica,
432 1919 573 1970 oceano
597 1895 637 1968 in
667 1895 939 1996 septemtrione
963 1893 1138 1998 ¹conjun-

63 2022 141 2096 cta,
167 2026 301 2102 magna
324 1999 528 2076 multitudo
558 1997 650 2078 fines
675 1999 890 2075 Pannoniae
919 2001 1074 2077 intrarit
1097 2016 1138 2078 et

64 2124 238 2213 patenter
278 2104 500 2209 (potenter)
531 2129 624 2180 occu
652 2107 730 2195 avit
754 2122 873 2182 totam
905 2107 1138 2186 Pannonium

61 2218 147 2324 jure
166 2210 416 2286 haereditario
437 2132 723 2317 possideniam,
743 2217 782 2286 in
801 2237 877 2314 qua
891 2229 1003 2314 gente
1022 2238 1138 2316 quam

73 2321 202 2432 plures
222 2317 373 2393 fuerant
392 2319 537 2408 Duces,
556 2317 736 2391 sedunus
760 2345 808 2393 ex
827 2321 918 2418 ipsis
938 2317 1011 2393 fuit
1027 2320 1142 2422 priuf

66 2426 239 2534 cipaliter
270 2424 316 2500 ab
346 2424 428 2499 aliis
453 2440 611 2527 propter
627 2448 737 2514 ,suam
760 2425 940 2500 virtutem
972 2422 1138 2521 electus,

64 2535 132 2632 qui
163 2530 368 2607 vocabatur
397 2529 550 2619 Almus,
586 2528 673 2603 huic
707 2530 747 2604 in
776 2528 926 2610 Ducatu
960 2528 1137 2608 successit

64 2634 147 2742 ejus
172 2636 270 2714 filius
297 2637 451 2712 nomine
474 2632 639 2741 Arpad.“
995 2660 997 2666 ·

161 2828 383 2928 Anonymus
396 2828 576 2906 Notarius
595 2832 722 2904 verius
736 2826 848 2905 habet
861 2829 917 2933 (p.
930 2827 1001 2930 6.):
1028 2827 1138 2923 „An-

64 2964 118 3012 no
137 2935 356 3013 Dominicae
374 2935 641 3010 incarnationis
660 2933 980 3038 Octiugantesimo
1005 2953 1138 3010 octua-

67 3042 212 3146 gesimo
225 3058 382 3143 quarto,
404 3040 557 3117 sicut'in
581 3041 773 3119 annalibus
790 3043 1006 3120 continetur
1019 3039 1139 3125 chro-
1170 3116 1173 3120 ,

63 3148 185 3242 nisis,
212 3167 358 3254 septem
378 3145 604 3258 principales
620 3173 829 3252 personae,
857 3151 922 3250 qui
945 3146 1138 3224 Hetumo·

65 3279 134 3358 ger
155 3272 363 3350 vocantur,
390 3255 533 3356 egressi
554 3268 641 3329 sunt
660 3253 706 3327 de
727 3270 830 3328 terra
850 3251 1026 3352 Scythica
1045 3280 1137 3330 ver-

66 3359 386 3437 susoccidentem.
413 3363 517 3436 Inter
533 3384 630 3460 quos
643 3356 773 3434 Almus
786 3405 836 3422 --
849 3383 1020 3438 unacum
1036 3387 1139 3438 uxo-

67 3494 112 3542 re
135 3484 255 3542 suaet
274 3465 353 3541 lilio
374 3491 443 3541 suo
475 3461 642 3572 Arp.ad:“
1156 3472 1157 3475 ’

162 3660 204 3757 h)
240 3658 317 3734 Ibi:
368 3656 525 3762 Arpado
559 3661 737 3736 successit
771 3661 812 3734 in
856 3632 1016 3738 Ducatu
1040 3659 1140 3736 filius

68 3795 183 3863 suus,
221 3765 286 3869 qui
316 3765 479 3840 Toxin
509 3769 764 3853 nominatur.“
791 3793 828 3870 p.
858 3770 944 3843 228.
1218 3762 1223 3782 “

166 3961 343 4037 Notarius
363 3991 410 4038 ex
437 3961 613 4038 adverso:
651 3964 698 4039 Et
721 3961 900 4038 successit
919 3957 1073 4065 Arpado
1094 3960 1142 4036 li-
1253 3968 1258 3974 ’

74 4069 150 4146 lius
183 4096 271 4145 suus
300 4068 332 4143 Z
341 4070 453 4145 ulta.
479 4097 516 4177 p.
545 4067 605 4144 55.
803 4079 806 4084 ’
971 4080 976 4089 “
