2752 4776
196 355 394 439 508

113 537 116 544 ⁸
247 552 280 654 ξ
313 553 372 628 27.
413 551 608 642 Quaenam
642 573 734 653 ergo
770 550 835 625 illa
866 548 1036 656 Capbtor
1069 544 1218 621 insula?

142 662 353 762 Opiniones
386 685 466 736 non
503 660 727 735 absimiliter
758 660 927 751 variant,
965 658 1026 730 alii
1056 652 1125 728 cel.
1143 651 1218 725 Mi-

144 766 285 842 chaelis
302 765 350 864 jn
369 762 611 866 syntagmate
628 766 853 840 sententiam
876 761 1062 867 amplexi,
1086 773 1219 864 putant

146 874 317 978 Cyprum
347 872 509 945 insulam
529 871 761 947 Palaestinae
792 871 975 961 vicinam,
1003 892 1102 967 quae
1131 865 1219 970 olim

147 976 332 1052 Chetim
350 975 425 1050 fuit
444 976 633 1054 Hebraeis
653 977 766 1069 dicta,
783 974 806 1047 J
809 1000 862 1049 os.
873 974 1003 1049 Flavio
1028 988 1123 1047 teste
1144 985 1216 1043 ant.

142 1082 233 1157 lud.
264 1082 288 1156 l.
309 1080 353 1156 1.
373 1109 455 1188 cap.
478 1082 566 1158 Vll.
620 1081 698 1155 Alii
720 1083 854 1157 Cretae
876 1081 1043 1156 insulam
1067 1089 1220 1153 censent

145 1187 252 1294 juxta
273 1188 483 1264 Calmetum
516 1215 581 1283 e0,
617 1187 722 1288 quod
754 1184 973 1263 Philisthaei
1001 1185 1031 1260 I.
1049 1183 1134 1283 neg
1161 1182 1219 1273 30,

142 1295 207 1368 14.
240 1293 372 1377 Ezecb.
396 1294 465 1387 25,
503 1291 564 1369 16.
598 1292 815 1397 Sophoniae
848 1295 894 1385 2,
919 1291 962 1364 5..
990 1288 1218 1379 Ceretbraei,

147 1397 337 1477 cereri:
354 1399 501 1479 Cret-aei
515 1402 841 1502 cognominentur.
868 1397 946 1471 Alii
970 1394 1136 1493 denique
1159 1420 1218 1469 se-

6 1534 12 1539 ·
142 1505 315 1582 cundum
351 1504 614 1608 Beniaminum
636 1503 819 1582 Tudclen.
854 1503 1008 1578 nomine
1040 1500 1218 1604 Caphtor,

125 1712 126 1716 Ἰ
149 1612 324 1686 viciniam
336 1612 544 1705 Damietae,
554 1613 601 1684 in
613 1612 721 1686 Delta
739 1611 871 1703 insula,
888 1610 1112 1702 existimant,
1124 1630 1217 1707 quae

2 1743 7 1752 ·
148 1720 315 1822 primum
338 1715 455 1793 Aeria
486 1718 586 1794 dicta
607 1716 699 1795 fuit:
742 1723 974 1808 Μετωνομασε
998 1714 1038 1786 tt
1060 1715 1123 1800 τήν
1148 1720 1220 1786 Δε-

145 1851 272 1914 yones
290 1852 338 1895 τω
359 1826 438 1901 idco),
454 1852 595 1918 ονοματι
619 1825 691 1910 ἥτις
709 1850 873 1919 προτερον
882 1823 1051 1916 Μεσραια
1072 1848 1142 1916 παρ
1165 1818 1221 1897 tt*

145 1933 304 2016 taystof‘
339 1930 396 2005 Ita
414 1929 598 2008 Eusebius
620 1929 759 2005 chron.
789 1932 828 2002 in
851 1931 929 2004 vita
951 1927 1111 2028 Moysis.
1166 1921 1233 2024 Cf.

147 2041 264 2111 etiam
291 2032 467 2138 Stephan.
489 2037 630 2110 Bizant.
668 2053 707 2111 et
728 2035 895 2111 Gellium
915 2035 955 2107 in
975 2032 1011 2107 b.
1032 2035 1056 2108 l.
1094 2032 1219 2137 Caph·

147 2142 268 2216 toraei
285 2138 323 2214 bi
342 2139 521 2217 videntur
537 2141 704 2242 primum
714 2140 866 2217 Cretam
874 2141 1038 2218 insulam
1056 2140 1219 2243 petiisse,

147 2245 235 2321 inde
256 2249 653 2349 persupcrvenientes
676 2246 856 2351 hospites,
885 2272 982 2348 quos
1001 2245 1221 2321 Herodotus

146 2351 323 2431 lib-‘Vll
353 2354 440 2427 170.
463 2354 563 2432 171.
586 2373 782 2449 recenset,
819 2355 952 2428 arctati
978 2368 1121 2426 terram
1140 2350 1222 2444 He-

146 2481 334 2537 saeorum
354 2460 397 2530 in
410 2458 559 2535 Canaan
575 2459 767 2554 invasisse,
794 2457 883 2534 inde
899 2456 1108 2554 Αλλοφιλοι,
1129 2457 1222 2533 alie-

148 2562 329 2666 nigenae:
355 2563 396 2639 id
419 2580 478 2640 est
497 2590 576 2642 non
587 2565 783 2657 cananaei,
806 2591 884 2641 non
902 2565 1124 2657 Phoenices,
1145 2590 1222 2640 non

145 2670 295 2764 Graeci,
308 2671 535 2774 compellati.
563 2668 640 2749 Sed
661 2670 748 2748 vide
766 2668 931 2746 Simonis
953 2672 1223 2763 onomasticou,

2 2880 4 2884 .
133 2779 260 2877 item:
296 2776 336 2852 F.
355 2777 396 2850 C.
416 2774 554 2854 Moser
583 2776 632 2852 de
651 2777 852 2874 utriusque
875 2777 1108 2852 recensionis
1125 2776 1225 2855 vati-

144 2882 336 2959 ciniorum
352 2881 541 2960 teremiae
564 2884 729 2959 Graecae
751 2880 1053 2973 Alexandrinae,
1075 2899 1115 2957 et
1142 2880 1225 2958 He-

145 2988 284 3066 braeae
306 2987 584 3064 Masorethicae
604 2987 747 3083 indole,
769 3004 883 3089 atque
903 2982 1050 3090 origine
1066 3013 1225 3065 comen·

146 3095 240 3170 tutio
260 3095 392 3170 critica
412 3091 445 3193 ᾖ.
464 3093 525 3170 15.
553 3093 750 3198 Quidquid
766 3092 907 3170 horum
925 3094 993 3189 sit,
1015 3093 1112 3169 illud
1137 3120 1227 3170 cer-

139 3215 244 3277 tum:
256 3264 260 3272 .
272 3197 522 3277 Philistbaeos
542 3226 591 3278 ex
600 3198 759 3301 Assyria
777 3200 1096 3305 velCappadocia,
1121 3201 1226 3304 quod

147 3307 382 3410 quaestionis
407 3323 522 3413 eaput
545 3323 620 3403 cst,
647 3305 753 3383 haud·
771 3303 1018 3413 immigrasse.
1157 3392 1160 3397 ,

146 3554 176 3592 ’.
241 3525 276 3641 ᾗ.
299 3530 360 3603 28.
394 3527 438 3604 Id
463 3554 543 3606 non
571 3533 697 3607 minus
728 3547 899 3626 certum,
932 3531 1226 3609 Philisthaeos'a·

146 3631 285 3728 Josue,
313 3633 393 3710 filio
411 3634 530 3730 Nave,
553 3635 709 3711 sedibus
736 3637 898 3714 obsessis
923 3640 1138 3717 eliminatos
1162 3652 1227 3712 aut

15 3735 22 3747 “
146 3743 294 3817 excisos
315 3743 539 3849 neuq'quam
557 3740 693 3819 fuisse:
721 3740 920 3847 Siquidem
943 3747 992 3843 1.)
1017 3747 1118 3822 inter
1136 3770 1227 3845 gen·

144 3863 201 3923 tes
218 3845 397 3924 Abrabae
420 3849 556 3926 semini
579 3849 792 3926 subdendas
804 3850 916 3949 (Gen.
940 3853 1007 3946 12,
1029 3846 1239 3949 myrti-¹

8 4027 22 4047 2,
144 3952 302 4053 listbym
319 3952 421 4030 baud
440 3971 528 4028 sunt
549 3952 686 4030 addicti
706 3954 739 4055 ᾖ.
762 3954 821 4032 16.
839 4001 892 4022 ·-
916 3957 968 4056 2.)
989 3957 1093 4033 Inter
1116 3979 1227 4057 reges

145 4057 365 4160 trigintaet
389 4087 525 4154 unum,
558 4082 655 4160 quos
676 4060 831 4164 Moyses
855 4081 895 4139 et
911 4064 1028 4141 Josue
1050 4062 1227 4138 debella-

146 4180 250 4258 runt,
275 4193 345 4244 rex
360 4164 649 4248 Philistinorum
667 4194 746 4248 non
769 4168 946 4248 refertur.
970 4169 1065 4247 Gen.
1082 4169 1224 4266 21,12.
