2752 4776
1016 119 1088 196 11⁷

9 362 11 367 >
66 312 169 419 quod
186 311 386 413 Pragensis
405 308 673 412 Episcopatus,
700 309 768 408 qui
786 310 838 386 ab
861 309 971 412 initio
996 333 1066 414 per
1087 325 1146 413 to·

65 440 148 497 tum
175 415 380 495 Bohemiae
403 441 446 490 ac
469 413 664 491 Moraviae
687 414 879 493 Ducatum
900 434 996 516 unus
1024 433 1063 494 et
1084 417 1147 491 in-

64 544 172 631 teger
194 525 436 614 constitutus,
460 539 498 597 et
523 537 599 595 tam
626 522 766 625 aPapa
786 520 1003 619 Benedi'cto,
1031 549 1147 625 quam

64 664 86 711 a
119 634 246 736 primo
272 629 415 704 Ottone
444 631 701 729 Imperatore,
723 629 777 703 sic
803 629 1044 709 confirmatus
1075 647 1148 722 est;

62 755 199 846 pustea
232 755 516 812 antecessorum
546 760 704 811 suorum
733 760 937 831 consensu,
965 740 1043 814 sola
1073 736 1149 811 do-

61 835 294 922 minantium¹
325 858 531 945 potestate,
569 841 896 933 subinthronizato
931 845 1030 918 intra
1065 854 1148 918 ter-

61 954 190 1030 minos
213 951 293 1053 ejus
316 976 418 1024 novo
441 950 645 1054 episcope,
673 949 815 1025 divisus
838 969 937 1026 esset
957 969 995 1026 et
1016 950 1147 1024 immi-

63 1075 193 1135 nutus.
249 1057 324 1147 Qui
359 1081 447 1131 cum
475 1055 698 1155 Mogontiae
729 1083 857 1132 coram
882 1058 1016 1159 legatis
1036 1056 1149 1157 Apo-

62 1166 218 1244 stolicae
244 1160 360 1255 sedis,
386 1161 651 1266 praesentibus
673 1162 783 1238 nobis
804 1190 847 1238 ac
867 1164 1059 1266 plerisque
1082 1187 1150 1237 re-

63 1273 128 1374 gni
160 1271 283 1347 nostri
304 1267 578 1373 Optimatibus,
606 1266 759 1345 tandem
782 1272 1063 1369 querimoniam
1086 1270 1150 1341 in-

63 1377 247 1468 tulisset,
293 1371 341 1448 ab
373 1373 673 1479 Archiepiscopo
707 1376 874 1452 Vezlone
905 1376 1148 1478 Moguntino,

64 1481 247 1584 Sigevino
282 1481 519 1571 Coloniensi,
557 1479 756 1582 Egilberto
779 1483 1026 1575 Treverensi,
1055 1482 1150 1557 Lie-

63 1615 175 1664 maro
209 1587 430 1680 Bremensi,
465 1587 513 1660 ab
544 1588 739 1689 Episcopis
770 1614 926 1691 quoque
951 1587 1148 1664 Ciederico
1222 1614 1225 1623 ⁴

66 1692 320 1785 virdunensi,
349 1692 526 1768 Conrado
549 1689 796 1793 Trajectensi‚
825 1694 1007 1769 Udalrico
1029 1697 1150 1769 Eiste-

65 1801 185 1894 tensi,
221 1798 362 1875 Ottone
389 1798 675 1892 Ratisbouensi,
714 1827 803 1876 cum
830 1827 984 1879 assensu
1010 1801 1149 1876 Laico-
1193 1854 1195 1858 ι

64 1934 175 1994 rum,
205 1907 321 1979 Ducis
340 1902 600 1987 Bohemorum
628 1903 834 1999 Wratislai,
852 1923 890 1981 et
912 1905 1043 1983 fratris
1065 1906 1148 2009 ejus

66 2012 256 2103 Conradi,
283 2012 399 2085 Ducis
429 2011 638 2105 Friderici,
679 2013 795 2088 Ducis
824 2012 999 2108 Lutoldi,
1036 2005 1150 2088 Fala-

64 2119 136 2193 tini
157 2116 512 2221 ComitisRapotae,
536 2134 574 2193 et
593 2120 777 2212 omni-um,
801 2122 867 2219 qui
889 2118 1033 2195 ibidem
1053 2145 1151 2195 con·-

65 2239 268 2318 venerant,
305 2224 498 2328 primitiva
525 2224 589 2297 illa
620 2224 803 2300 Parochia
833 2252 920 2300 cum
943 2228 1046 2301 omni
1068 2241 1151 2301 ter·
1229 2276 1233 2285 -

65 2333 263 2408 minorum
289 2355 448 2406 suorum
475 2329 638 2424 ambitu,
675 2331 857 2434 Pragensi
885 2331 963 2407 sedi
991 2348 1048 2408 est
1079 2332 1150 2407 ad-

64 2435 240 2544 judicata.
296 2437 469 2510 Termini
493 2454 620 2510 autem
646 2435 727 2538 ejus
763 2436 996 2514 occidentem
1016 2463 1148 2514 versus

66 2546 106 2621 hi
131 2560 237 2618 sunt:
276 2542 427 2643 Jugast,
462 2568 564 2642 quae
592 2544 714 2616 tendit
748 2543 795 2617 ad
827 2547 995 2620 medium
1019 2542 1149 2617 flumi·
1177 2540 1179 2545 ’
1236 2565 1240 2577 ·

65 2652 127 2727 nis
161 2649 288 2742 Chub3
325 2648 488 2723 Zedleae
524 2649 629 2744 (alias
653 2650 782 2746 Zelza)
818 2668 857 2724 et
884 2650 1067 2745 Luiscua,
1107 2664 1148 2724 et

69 2756 243 2846 Dasena,
260 2752 713 2848 Lintomerici·,‚Leinuzi
735 2783 857 2859 usque
882 2758 1054 2856 sylvam,
1073 2781 1151 2856 qua

65 2862 250 2937 Bohemia
272 2859 466 2935 limitatur.
501 2862 647 2936 Deinde
674 2862 722 2937 ad
744 2863 978 2965 Aquilonem
999 2862 1038 2935 hi
1060 2877 1148 2938 sunt

67 2968 241 3043 termini:
289 2967 490 3062 Psouane,
521 2967 728 3061 Chonuati3
768 2971 955 3063 etaltera
990 2969 1149 3045 Hrova-

67 3075 224 3164 tizlane,
262 3072 478 3166 Treboanc,
512 3071 735 3166 Poborone,
767 3074 987 3151 Dedossene
1025 3100 1149 3179 usque

67 3181 119 3255 ad
147 3178 308 3254 mediam
344 3179 507 3279 sylvam,
545 3206 622 3280 qua
651 3177 922 3255 Mileianorum
955 3176 1149 3278 (Misniae)

68 3301 277 3362 occurrunt
301 3286 464 3358 termini.
517 3282 611 3360 Inde
642 3285 690 3359 ad
712 3285 897 3360 orientem
925 3284 994 3361 hos
1012 3283 1150 3361 fluvios

66 3391 184 3467 habet
221 3391 406 3465 terminos
437 3389 520 3491 Bug
567 3384 712 3465 scilicet
748 3406 787 3464 et
816 3391 899 3464 Zlir
932 3417 1019 3465 cum
1056 3392 1151 3466 Cra·-

69 3524 165 3574 cova
191 3497 366 3588 civitate,
393 3495 787 3599 provinciaque,
815 3498 890 3595 cui
917 3495 1031 3598 Wag
1068 3521 1152 3570 no-

66 3629 172 3682 men
197 3618 281 3695 est,
301 3627 389 3676 cum
415 3597 592 3676 omnibus
613 3599 900 3702 regionibusad
918 3594 1150 3706 praedictam

69 3708 210 3785 urbem
230 3705 521 3814 pertinentibus,
541 3731 639 3807 quae
660 3707 837 3781 Kralcova
857 3722 925 3784 est.
949 3706 1046 3784 Inde
1063 3707 1151 3780 Un-
1204 3764 1207 3770 ,

74 3839 314 3918 garorum
336 3812 524 3914 limitibus
546 3812 909 3913 additis‘usque
936 3815 989 3905 ed
1018 3838 1153 3887 mon·-

71 3938 176 4017 tes,
205 3918 389 4018 quibus
421 3943 596 3996 nomen
627 3934 697 3995 est
720 3917 882 3996 Teitri
906 3917 1051 4019 (Tetra)
1083 3916 1161 3997 di-
