2752 4776
197 341 362 418 ·50

259 577 494 657 quamquam
524 548 663 659 singuli
688 549 820 657 populi
853 550 967 629 etiam
994 575 1062 624 sua
1086 555 1247 627 nomina
1278 553 1345 630 ha·

261 658 371 753 bent3
425 658 574 760 leuique
592 666 723 739 omnes
745 681 878 759 vagam
897 654 1043 759 degunt
1062 657 1195 751 vitam,
1223 657 1265 732 id
1287 678 1343 736 eat

257 688 451 839 Nomadlrs
470 780 574 838 sunt
628 764 687 839 De
720 761 776 837 his
801 765 964 838 maxime
987 766 1242 838 innotuerunt
1263 767 1338 843 Arii

58 854 61 858 ¹
168 919 170 923 «
257 870 367 966 (osii,
394 868 481 966 Uzi)
499 869 645 943 Pasiani
669 865 937 960 etTachariae,
956 866 1161 963 Sacaranti,
1180 885 1221 942 et
1239 889 1338 948 trans

257 977 450 1052 laxantem
473 974 521 1050 de
542 975 635 1048 Dais
659 975 722 1048 alii
734 974 881 1076 Aparni
904 974 995 1050 dicti
1020 992 1120 1070 sunt,
1150 975 1213 1050 alii
1234 979 1337 1054 Xan·

253 1080 339 1176 thii,
367 1083 524 1183 quidam
549 1079 735 1155 Piscu1·i.“
762 1079 901 1157 Strabo
917 1080 961 1153 L.
979 1079 1046 1154 XI.
1068 1111 1106 1186 p.
1119 1082 1216 1159 tlt.
1244 1082 1334 1186 Scy-

258 1188 343 1265 thae
365 1189 535 1292 genuini,
546 1185 739 1263 Herodoti
759 1212 867 1278 aevo,
893 1185 1131 1289 iuGeorgios
1156 1213 1231 1264 seu
1242 1191 1345 1282 Ara<

256 1312 382 1388 tores,
410 1294 626 1386 Basilaeos,
652 1318 720 1371 seu
741 1294 892 1394 regios,
930 1318 973 1368 ac
993 1291 1244 1392 Pastoritids,
1276 1322 1332 1373 scu
1368 1334 1371 1343 ·

255 1398 447 1477 Nomades
479 1414 589 1475 crant
612 1396 795 1472 duntaxat
821 1399 949 1474 divisi:
976 1396 1243 1491 „Transmisso
1262 1403 1331 1481 Bo-
1369 1448 1371 1473 ÷

256 1506 459 1609 rysthene,
484 1504 616 1604 inquit
633 1502 852 1581 Herodotus
880 1505 961 1603 (lib.
978 1501 1046 1580 IV.
1070 1531 1103 1580 c.
1124 1506 1294 1610 18-19)
1314 1537 1331 1584 a
1368 1564 1371 1571 .

187 1703 193 1715 ,
255 1614 353 1693 mari
382 1611 565 1710 (Euxino)
599 1611 724 1715 prima
746 1628 802 1687 est
826 1609 979 1704 Hilaea3
1006 1611 1142 1688 dehinc
1174 1612 1330 1692 habitant
1367 1598 1371 1681 l

255 1717 419 1818 Scythae
438 1719 630 1818 agricolae
654 1716 860 1818 (Georgii).
882 1730 935 1780 -'
967 1715 1076 1804 Quae
1097 1743 1192 1797 vero
1212 1721 1261 1798 ad
1283 1726 1330 1799 la·
1368 1726 1370 1803 l

256 1843 318 1900 tus
340 1824 525 1900 orientale
545 1823 686 1898 horum
696 1820 936 1924 Scytharum,
955 1826 1021 1922 qui
1036 1827 1228 1927 agricolae
1243 1847 1329 1924 sunt,
1367 1852 1370 1917 ξ

255 1929 415 2034 adjacet,
435 1930 656 2005 transmisso
680 1927 1060 2034 fluminePauticape,
1079 1929 1246 2033 Scythae
1266 1937 1330 2044 jam
1362 1984 1370 2021 .:

116 2105 121 2119 ,
253 2035 468 2131 Nomades,
496 2032 535 2107 id
567 2052 641 2110 est:
669 2036 859 2136 pastoritii
890 2034 1084 2132 incolunt,
1120 2064 1251 2140 neque
1272 2046 1331 2120 'se-
1368 2042 1370 2055 '

124 2130 127 2137 ⁸
255 2158 388 2219 rentes
412 2142 632 2240 quicquam,
658 2163 786 2238 neque
804 2156 965 2215 arantes.
983 2181 1037 2200 -
1056 2142 1250 2225 Nomades
1271 2175 1331 2224 au·
1368 2232 1370 2239 ,

257 2263 337 2324 tem
362 2248 426 2321 isti
448 2248 624 2319 incolunt
645 2247 811 2348 spatium
835 2249 882 2324 14
906 2244 1056 2325 dierum
1078 2251 1250 2352 itineris,
1269 2280 1330 2329 au·
1367 2252 1370 2263 '

254 2381 387 2429 roram
417 2376 569 2444 versus,
598 2349 647 2426 ad
663 2348 857 2428 Gerrhum
882 2378 1000 2454 vsquc
1020 2353 1199 2451 fluvium,
1238 2381 1330 2438 trans

259 2458 453 2534 Gerrhum
473 2475 601 2531 autem
629 2473 718 2530 sunt
739 2483 806 2548 ea,
835 2482 933 2557 quae
957 2477 1141 2537 vocantur
1159 2465 1329 2562 Basilaei,

257 2584 297 2644 et
313 2562 541 2665 Scytharum
569 2564 704 2667 optimi
727 2577 768 2636 et
788 2564 962 2664 plurimi,
990 2569 1117 2669 etqui
1143 2597 1236 2648 suos
1256 2599 1330 2650 ser·

258 2697 328 2748 vos
348 2681 504 2747 ceteros
514 2666 673 2770 Scythas
692 2666 960 2744 arbitrantur.“
986 2672 1067 2749 Ubi
1084 2674 1145 2750 hic
1162 2697 1330 2784 septenae

258 2777 489 2880 Scytharum
510 2773 671 2878 gentes?
704 2813 757 2831 --
792 2772 868 2852 Sed
888 2803 960 2853 nec
981 2778 1081 2853 inter
1095 2783 1258 2863 Parthos
1278 2787 1331 2864 ri·

258 2902 412 2959 suntur:
449 2882 487 2957 hi
510 2881 687 2982 Dionysii
712 2881 941 2985 Periergetis
972 2901 1146 2992 tempore
1174 2892 1250 2968 sub
1275 2919 1332 2966 ra·

259 2989 408 3063 dicibus
433 3001 630 3091 portarum
641 2987 861 3094 Caspiarum
883 2990 1111 3088 habitabant,
1137 2996 1332 3101 „sagittarii

260 3109 301 3170 ct
320 3094 545 3169 bellicarum
569 3094 709 3169 artium
739 3097 868 3196 gnari3
901 3122 981 3174 non
1002 3120 1090 3176 cum
1111 3119 1240 3181 aratro
1261 3104 1333 3183 sul-

252 3225 350 3301 xcum
381 3200 571 3300 dirigunt,
600 3226 689 3274 arva
718 3198 914 3296 findendo,
942 3228 1068 3302 neque
1099 3211 1256 3286 navium
1277 3237 1334 3290 re·
1367 3255 1369 3264 2

260 3307 382 3406 migio
412 3329 518 3381 mare
543 3322 687 3399 secant,
725 3331 852 3407 neque
874 3311 912 3382 in
937 3313 1055 3417 pratis
1081 3313 1202 3392 boum
1222 3339 1334 3420 genus

250 3429 441 3516 pascunt3
465 3409 542 3491 sed
570 3438 590 3501 a
620 3412 761 3489 teneris
792 3405 997 3499 admodum
1029 3421 1140 3524 pueri
1164 3424 1334 3517 arcubus,

203 3533 207 3539 ‘
262 3533 376 3617 atque
406 3516 632 3620 equitationi
663 3534 752 3594 suut
775 3517 929 3613 addicti,
957 3564 1008 3578 -
1038 3525 1201 3627 praedae
1225 3531 1336 3607 vitam

260 3639 474 3699 sustentant
494 3650 615 3728 opum
636 3627 751 3698 armis
773 3631 993 3730 partarum“
1012 3657 1046 3705 v.
1067 3634 1334 3711 1040-1050.

264 3728 326 3803 An
356 3756 436 3806 uon
470 3757 602 3805 omnes
635 3732 837 3831 sagittarii,
870 3737 1021 3829 τοξοτες,
1057 3737 1243 3842 lazyges?
1278 3741 1336 3816 An

262 3859 340 3909 non
363 3860 494 3912 omnes
514 3835 783 3940 Hippomolgi,
812 3863 880 3915 seu
904 3842 998 3917 lacte
1019 3868 1206 3942 equarum
1231 3845 1337 3926 victi·

190 3952 193 3957 “
263 3942 410 4019 tontes?
428 3941 540 4040 (Just.
566 3944 610 4016 Τ.
632 3945 660 4019 1.
680 3942 728 4017 ll.
751 3969 782 4017 c.
807 3944 859 4042 2.)
886 3945 1046 4025 Basilaei
1070 3979 1163 4029 vero
1190 3954 1218 4026 ii
1241 3954 1338 4029 dun-

260 4054 376 4144 taxat,
393 4050 462 4151 qui
486 4048 641 4151 regibus
661 4049 861 4151 parebant3
887 4055 1051 4132 Enarees
1070 4063 1165 4135 'vero
1186 4084 1234 4134 ex
1251 4059 1337 4164 ipsis

254 4147 439 4233 duntaxat
463 4152 539 4250 illi,
567 4157 637 4258 qui·
656 4155 789 4262 templi
812 4156 963 4238 Dianae
978 4163 1018 4237 iu
1034 4161 1223 4247 Ascalone
1247 4192 1338 4273 spo-
