2752 4776
209 326 281 402 124

148 549 220 601 nec
240 547 391 600 accessu
410 518 626 612 difficiliori.
649 514 690 615 6)
713 515 751 591 Si
773 520 1013 625 episcopatus
1033 515 1221 595 Nitriensis

151 659 174 707 a
210 628 248 704 S.
282 630 388 732 Rege
422 628 602 703 fundatus
630 621 784 717 suisset,
821 625 922 723 baud
959 623 1222 724 intercidisset:

150 733 307 839 tegibus
336 737 449 810 enim
483 731 702 835 Hungariac
741 732 871 808 seculo
898 732 1002 808 XI-o
1045 731 1224 833 sanguinis

47 908 50 912 s
177 843 437 945 repinguitute
451 843 571 933 nexis,
586 865 674 914 cum
684 836 860 916 Bohemis
875 840 1017 943 optime
1027 838 1225 915 convenie-

150 870 236 1024 bat:
250 972 385 1023 eorum
406 942 545 1021 auxilia
555 945 699 1048 jugiter
723 947 893 1049 experti,
906 946 970 1021 vin
984 945 1104 1021 ullum
1114 943 1226 1020 bosti-

41 1078 45 1082 ·
149 1055 306 1130 litatem
326 1055 496 1159 perpessi
513 1050 608 1149 :(Cf.
630 1050 818 1125 Chronica
830 1049 1129 1146 Thurocii‚tum
1145 1051 1227 1124 alios

149 1158 294 1256 fontes)
312 1160 451 1264 Episco
481 1177 612 1233 atuum
631 1158 800 1260 provisio
816 1183 927 1232 curae
950 1157 1134 1259 singulari
1153 1155 1226 1229 fuit.

149 1264 225 1341 Sed
238 1264 436 1342 audiamus
453 1189 527 1340 boc
542 1264 581 1336 in
600 1281 825 1363 argumento
837 1289 972 1337 rursus
992 1264 1229 1340 lectissimum

96 1410 100 1423 ·
150 1373 195 1449 G.
222 1371 699 1472 P1·ayum;·„Quaero,an
719 1368 758 1442 id
778 1370 975 1474 temporis,
995 1368 1089 1446 dum
1108 1369 1227 1444 hostes

150 1476 371 1553 Dioecesim
403 1476 651 1553 Nitriensem.
667 1492 884 1566 vastarunt,
910 1473 1012 1549 bona
1031 1495 1070 1550 et
1097 1473 1234 1559 fundos
1265 1551 1268 1556 ,

73 1615 80 1630 ·
150 1583 402 1685 Episcopatus
423 1600 665 1674 everterunt,
691 1582 833 1687 templa
857 1578 1138 1686 profanarunt,
1165 1580 1229 1656 Ni-

150 1690 224 1762 tria
246 1715 358 1766 suum
381 1719 403 1764 a
433 1689 470 1763 S.
499 1689 605 1790 Rege
642 1684 844 1763 fundatum
867 1686 1044 1763 hebuerit
1074 1689 1230 1792 Episcoe

151 1822 262 1899 pum,
290 1821 361 1870 nec
376 1795 453 1872 ne?
474 1796 513 1868 Si
533 1795 682 1869 habuit:
710 1820 781 1870 nec
799 1793 1028 1900 Episcopus,
1049 1820 1121 1869 nec
1144 1794 1230 1898 Epi-

149 1918 328 2005 scopatus
347 1921 575 2008 propterea,
601 1900 707 2003 quod
728 1897 835 1976 fundi
856 1901 1105 2004 Episcopatus
1123 1926 1229 1977 ever-

24 2045 27 2058 =
131 2007 180 2085 ‘si
202 2024 313 2104 sunt,
341 2024 380 2084 et
395 2009 536 2114 templa
559 2004 778 2113 profanata,
805 2005 1017 2083 desierunt:
1046 2009 1147 2082 sicut
1170 2032 1231 2081 ea-

24 2184 27 2189 .
198 2130 311 2216 opter
340 2114 468 2189 Abbas
499 2130 538 2188 et
566 2114 729 2188 Abbatia
753 2115 800 2188 de
826 2113 981 2205 Zobor,
1008 2115 1231 2211 neutiquam

147 2140 281 2311 disits,
303 2217 370 2296 sed
391 2247 483 2294 mox
507 2216 694 2295 refloruit.
724 2219 789 2316 (V.
811 2218 903 2295 cod.
924 2219 1025 2323 Dipl.
1048 2217 1173 2294 Tomo
1189 2217 1232 2291 II.

147 2326 196 2400 od
208 2351 352 2400 annum
365 2325 615 2423 1111)-111.
631 2324 670 2396 Si
678 2351 757 2400 non
770 2323 901 2400 habuit
913 2352 921 2398 :
935 2350 1004 2400 nec
1014 2344 1140 2401 tamen
1151 2325 1231 2398 ideo

54 2492 57 2497 .
147 2433 387 2534 episcopatus
408 2433 541 2510 debuit
560 2433 734 2532 desiisse:
754 2432 926 2530 alioquin
946 2447 1035 2536 post
1062 2430 1234 2505 exinani-

149 2553 315 2639 temper
345 2539 526 2615 Tartarus
562 2538 821 2640 Hungminm,
846 2538 1055 2641 Episcopos
1082 2561 1232 2629 caesos,

144 2645 388 2749 episcopatus
421 2643 658 2721 intercidisse
690 2642 922 2749 oportuisset
948 2644 1089 2744 magis3
1134 2643 1232 2743 atqui

145 2777 226 2826 non
252 2750 546 2831 interciderant:
585 2750 677 2825 Belo
697 2751 766 2825 IV.
786 2747 985 2833 confestim
1008 2751 1248 2853 Episcopus.

145 2857 213 2956 qui
244 2884 336 2934 oves
356 2857 547 2964 dispersas
570 2857 775 2957 colligant,
802 2859 1049 2948 nominante,
1066 2881 1234 2933 eorum-

146 2986 223 3063 que
232 2964 562 3041 confirmationem
572 2963 675 3066 apud
685 2960 823 3039 Sedem
833 2961 1070 3038 Pontificiam
1088 2988 1234 3063 urgen-

145 3085 184 3142 te
197 3068 262 3165 (V.
276 3071 537 3146 donationales
557 3067 717 3145 Nicoluo
730 3071 854 3170 legato
864 3094 965 3143 anno
989 3068 1103 3143 1249.
1129 3068 1232 3144 datas

145 3175 186 3247 in
212 3173 379 3271 Codice).
399 3174 439 3248 Si
457 3202 549 3268 rex,
567 3192 608 3248 ut
624 3175 675 3248 ita
696 3174 837 3269 dicam,
854 3177 980 3267 exsul,
994 3192 1154 3252 vacante
1173 3170 1245 3252 se-'

146 3281 193 3357 de
224 3280 442 3377 Pontificio,
471 3284 639 3358 Tartaris
661 3284 787 3357 omnia
818 3280 1027 3357 crudeliter
1050 3282 1090 3352 in
1121 3281 1236 3356 Hun-

144 3388 249 3488 guria
271 3387 613 3492 depopulantibus,
630 3414 763 3490 regno,
780 3414 895 3492 supra
913 3416 1028 3492 quam
1050 3388 1125 3462 dici
1142 3415 1248 3493 pos*

144 3495 214 3585 sit,
240 3495 461 3589 exinanito,
491 3496 539 3574 de
565 3495 763 3599 Episcopis
780 3512 959 3593 tanquam
978 3494 1179 3595 religionis
1198 3511 1236 3571 et

147 3599 237 3674 fidei
268 3601 477 3698 columnis,
514 3604 705 3705 providit3
741 3602 830 3703 quis
855 3619 937 3684 tam
966 3600 1041 3676 levi
1079 3601 1235 3702 ingenio

108 3798 112 3803 .
142 3707 238 3799 erit,
259 3725 303 3782 ut
322 3708 394 3781 sibi
419 3709 664 3814 persuadeat,
696 3733 806 3809 reges
826 3727 1001 3799 nostros,
1033 3723 1125 3807 puta
1148 3707 1236 3781 An·

19 3824 27 3840 '
141 3810 286 3907 dream,
314 3813 456 3907 Belem,
485 3817 662 3914 Geysam,
683 3813 918 3907 Ladislaum,
945 3815 1235 3916 Episcopatuiu

143 3914 183 3990 8.
211 3919 318 4021 Rege
345 3921 524 4016 condito,
550 3948 630 3997 non
653 3921 888 4022 providisse,
911 3921 963 4030 pb
992 3918 1103 3995 hoste
1122 3920 1233 4022 regni

96 4111 98 4114 ¹
142 4041 288 4100 vastato
299 4026 406 4098 ?“-
424 4029 564 4104 Postea
586 4025 861 4100 calamitatibus
871 4025 984 4121 belli,
999 4051 1099 4126 quae
1119 4025 1234 4099 Hun-

107 4197 109 4200 ,
144 4132 291 4230 goriam
326 4133 532 4214 affecerant
563 4155 684 4234 usque
724 4134 999 4211 Colomunuum
1039 4133 1232 4224 lustratis,
