2752 4776
298 337 372 410 170

239 529 329 619 inda
346 542 571 624 revocatus,
598 527 752 631 quando
768 529 967 635 episcopus
989 546 1162 637 tempora
1177 525 1218 604 S.
1242 525 1318 608 La-

233 634 372 718 distat?
390 635 595 725 Quomodo
614 638 729 716 stiam
743 636 866 713 eidem
885 653 1119 712 successerat
1137 662 1228 738 per
1249 634 1318 708 di-

241 744 628 847 spensationem
669 740 1025 845 pontificiam?
1058 744 1129 815 Cui
1160 742 1316 839 utique,

240 851 331 923 vivo
355 845 475 926 fratre
498 849 633 941 Almo,
661 875 731 924 nec
757 850 861 929 locus
878 847 1031 947 quidem
1056 846 1192 925 fuerat.
1223 847 1323 921 Cum·

239 954 452 1036 Colomauo
475 954 575 1031 haud
600 954 853 1059 dispensatum
879 950 1015 1044 fuisse,
1043 978 1118 1027 nou
1146 954 1195 1027 ab
1215 952 1318 1028 horis

239 1063 428 1139 canonicis
449 1062 650 1164 persolutis
670 1062 810 1138 dictum
828 1057 1066 1152 libriferum,
1095 1059 1239 1134 Urbani
1252 1057 1317 1137 ll·i

240 1192 334 1268 quas
365 1163 567 1260 babemus,
607 1191 699 1264 quas
731 1168 852 1272 Pray,
896 1165 1044 1240 Katona
1073 1184 1112 1240 et
1141 1163 1317 1262 Gainoczy

238 1269 320 1350 non
339 1290 546 1364 noverant,
573 1274 704 1352 literae
723 1272 865 1349 affatim
886 1271 1023 1348 docent
1043 1298 1052 1346 z
1074 1271 1117 1344 In
1141 1271 1221 1343 illis
1243 1271 1318 1343 Co·

239 1377 394 1458 lontano
409 1381 491 1481 regi
510 1378 728 1481 Huugaiiae
747 1376 800 1461 de.
813 1377 973 1452 obtento
989 1402 1130 1478 reguo,
1157 1400 1203 1449 ac
1226 1375 1317 1449 sci-

241 1485 517 1578 actiacum,
555 1486 781 1588 praesertim
812 1484 1169 1576 ecclesiasticarum,
1207 1479 1316 1558 laude

240 1590 473 1692 gratulatur3
503 1599 546 1664 ut
573 1590 769 1669 Schismati
798 1588 974 1666 Guiberti
996 1589 1232 1693 Antipapae,
1260 1586 1316 1662 cui

240 1718 403 1796 regnum
424 1696 492 1771 diu
520 1695 707 1790 adhaesit,
735 1695 846 1777 finem
869 1710 1009 1803 ponat,
1035 1711 1188 1787 monet,
1215 1694 1318 1793 lega*

243 1817 405 1900 tumque
436 1803 499 1883 illa
521 1829 631 1878 causa
659 1802 885 1877 mittendum
912 1801 1046 1878 offert
1077 1801 1152 1892 Ast
1181 1799 1230 1874 de
1256 1796 1317 1870 di-

241 1910 479 2011 spensatione
500 1934 571 1984 nec
588 1909 760 1984 verbum.
787 1907 878 1984 Cod.
899 1905 1000 2009 Dipt.
1022 1922 1112 1985 tom.
1137 1907 1236 2006 11.p.
1261 1905 1315 1980 15.

240 2011 289 2089 ad
317 2041 458 2096 annum
490 2013 604 2095 1096,
632 2015 883 2090 colomanum
903 2013 1027 2088 fitium
1058 2013 1208 2112 Geysae
1236 2035 1317 2084 se-

240 2119 397 2200 cundi
423 2119 541 2198 fuisse
562 2120 744 2226 implicat,
780 2118 819 2193 Si
842 2118 1071 2221 conjecturis
1095 2118 1226 2212 locus,
1253 2142 1317 2190 ve÷

240 2224 438 2300 tustissimi
461 2225 774 2308 Varadinensium
799 2227 964 2332 episcopi
986 2221 1138 2301 fuerant
1162 2224 1317 2324 Hyero*

241 2354 379 2430 aymus
407 2333 469 2407 vel
491 2333 648 2413 Alexius
662 2334 760 2408 circa
775 2361 834 2409 au.
860 2329 980 2423 1067,
1007 2347 1046 2405 et
1064 2330 1197 2432 Cupan
1220 2355 1316 2404 anno

243 2435 356 2516 1094.
383 2437 433 2510 Hi
452 2438 652 2521 indubitati
671 2440 861 2543 episcopi,
885 2454 925 2516 ot
943 2452 1129 2538 quantum
1145 2437 1318 2535 1eliquo«

239 2568 328 2623 rum
353 2543 462 2622 sedas
483 2555 619 2641 notae,
654 2546 934 2626 Varadiueuscs
961 2539 1123 2621 fuerant.
1154 2539 1212 2617 Cf.
1245 2543 1318 2619 Co-
1360 2548 1362 2554 ’

241 2647 366 2733 dicem
392 2650 439 2733 ad
463 2677 582 2731 anuos
606 2653 784 2755 signatos.

244 2829 248 2835 .
284 2866 330 2932 Ep
346 2860 514 2944 Diplomae
544 2858 708 2929 Catu-adas
724 2857 898 2923 Bobemiao
920 2858 992 2923 Dux
1014 2860 1143 2928 confert
1167 2859 1320 2921 monaste.

337 2947 388 3016 rio
418 2951 565 3012 Insulano
592 2943 750 3017 Kcawslso
779 2944 813 3035 in
843 2945 1004 3031 provincia
1034 2943 1218 3012 Znoimeusi
1249 2965 1332 3012 cou-¹

244 3077 247 3082 .
307 3072 313 3090 i
339 3039 472 3097 structo.

287 3157 388 3231 ;,Post
408 3138 572 3219 decessum
590 3153 776 3231 Wratislai,
798 3153 882 3219 bone
903 3155 1078 3234 memorie,
1107 3149 1322 3221 Bobamorum

338 3239 440 3322 regis,
475 3238 704 3304 Corradus
734 3239 1039 3328 prinoipatum
1073 3239 1321 3303 fraternum

341 3322 500 3402 obtinuit,
551 3324 607 3408 qui
635 3327 705 3394 Deo
740 3335 774 3387 et
806 3335 914 3393 sancto
942 3322 1077 3390 lobanui
1116 3323 1261 3404 Baptista
1295 3325 1324 3390 itt

343 3410 484 3470 Ostrovo
506 3429 567 3493 pro
587 3409 787 3492 adipiscenda
811 3421 920 3477 statua
943 3404 1058 3490 'requie
1078 3407 1140 3473 hae
1168 3407 1326 3472 benefida

339 3491 479 3561 addiditt
510 3496 674 3560 &astaco
696 3495 729 3556 io
748 3495 890 3583 provicia
906 3494 1112 3569 Znoimeush
1144 3490 1202 3557 ubi
1224 3492 1327 3560 babe-

338 3589 392 3650 tur
412 3578 452 3640 de
474 3579 562 3641 ter'ra
584 3579 656 3664 plus
707 3601 777 3641 uam
799 3580 837 3641 ad
856 3578 1061 3665 quadraginta
1081 3584 1186 3649 troica
1199 3602 1221 3654 3·
1241 3578 1328 3640 insa*

338 3673 449 3748 peret
468 3661 587 3746 sylvam
609 3602 740 3732 addidit.
771 3667 805 3723 in
825 3664 976 3751 Bobemia
995 3661 1166 3748 praedium'
1183 3661 1327 3730 zattare-

339 3747 441 3831 govici
462 3759 496 3812 at
515 3746 621 3814 vittam
649 3748 883 3833 otratergga,
905 3754 944 3813 D.
971 3749 1144 3813 chtv.“
1186 3752 1188 3757 ⁴
1288 3752 1293 3763 ’

288 3880 444 3944 Ειοιιειιιη,
467 3875 557 3962 apud
572 3875 659 3943 Piler
679 3875 711 3937 in
729 3875 879 3943 thesauro
898 3899 929 3961 p.
953 3878 1023 3945 153.
1153 3928 1155 3933 ⁴
1188 3952 1192 3965 .

288 4006 462 4091 suatoplug
487 4013 560 4074 Dux
584 4008 745 4074 Moraviae
776 4006 907 4074 confert
929 4003 1122 4072 monasterio
1143 4003 1331 4073 Gradiceusi

337 4094 368 4153 8.
393 4088 546 4176 Stephani
566 4091 687 4156 villam.
1187 4092 1191 4099 ’
