2752 4776
199 299 256 376 64¹
310 262 312 266 ’

143 487 410 572 Nemzetbdl
437 487 520 566 ailf‘
538 545 541 553 .
558 487 726 566 Saxones
745 478 984 564 Transilrani
1009 508 1050 564 se
1062 489 1244 593 'origine

143 601 337 677 Teutones
373 594 542 701 professi
570 610 660 668 sunt
687 619 855 697 semper:
893 592 992 689 „Die
1022 600 1231 695 gemeinen

144 704 269 781 Saxeu
298 728 447 777 neuneu
478 699 558 773 sich
594 700 712 775 selbst
741 699 865 802 hiufig
888 697 1101 794 Datscheu,
1139 704 1176 777 d.
1198 704 1222 777 i.

119 805 351 901 'Deutsche,
378 802 607 882 -lieissen
628 805 810 898 Sachsen,
834 805 1022 899 Saxones,
1050 808 1140 884 weil
1162 809 1220 884 dic

144 914 322 1016 ngarn,
349 937 392 987 so
414 913 489 990 wie
506 912 567 987 die
584 912 731 986 Fiunen
742 969 753 1006 ,
775 911 848 988 alle
867 911 1087 987 Deutschen
1105 911 1219 988 Sach-

105 1071 107 1073 >
141 1046 209 1097 sen
235 1021 277 1092 iu
299 1018 413 1122 jenen
438 1019 598 1094 iiltesten
617 1018 753 1092 Zeiteu
771 1020 976 1093 nannten.“
1016 1015 1062 1090 L·.
1082 1018 1121 1092 J..
1139 1017 1220 1119 Ma.-

143 1125 340 1227 rienburg.
359 1121 786 1228 Geogr.d.Grossfiirst.
798 1121 1100 1225 Sielacubiirgen.
1119 1121 1219 1201 I.·Bd.

142 1262 180 1339 p.·
201 1230 274 1308 171
296 1248 336 1307 et
359 1231 447 1308 145⁶
767 1260 784 1293 ν
875 1276 879 1289 ·
1007 1290 1011 1297 .
1138 1276 1159 1316 μ

184 1403 343 1486 Saxonum
369 1388 559 1491 nostratium
588 1422 745 1508 originem
768 1421 922 1489 habemus
948 1420 1153 1509 exploratam
1174 1430 1221 1487 tc·

237 1507 391 1571 stimouio
419 1505 637 1594 Megiuhardi,
670 1508 725 1592 qui
746 1508 905 1572 Historiae
935 1508 976 1570 de
1003 1504 1222 1569 Translationc

180 1647 184 1650 Α
237 1595 271 1656 8.
289 1589 482 1670 Alexandri,
506 1595 539 1657 S.
559 1591 731 1655 Felicitatis
752 1592 825 1670 lilii,
848 1590 1089 1656 Wildeshusaur'
1109 1590 1181 1674 cap.
1197 1589 1221 1654 l.

238 1676 302 1740 ait:
325 1679 508 1758 „Saxonum
530 1694 625 1760 gens,
649 1677 731 1740 sicut
754 1676 850 1740 tradit
863 1676 1053 1759 antiquitas,
1077 1675 1127 1737 ab
1149 1677 1224 1736 An·

238 1761 342 1846 glis,
364 1758 617 1828 Britanniae
639 1760 822 1844 incolis,
844 1783 970 1846 agressa
990 1781 1050 1844 per
1070 1779 1221 1821 oceanum

235 1846 385 1930 navigans
414 1843 604 1908 Germaniae
637 1844 788 1909 litoribus
821 1846 929 1911 studio
954 1855 1005 1907 ·et
1037 1843 1222 1906 necessitato

238 1927 493 2016 quaerendarum
516 1927 635 1991 sedium
655 1929 786 2012 appulsa
807 1927 908 1992 estin
929 1927 1024 2005 loco,
1046 1927 1103 2011 qui
1129 1920 1223 1991 vdca·

238 2027 293 2079 tur
321 2011 516 2090 Haduloha,
550 2034 592 2075 eo
612 2021 801 2096 tempore,
826 2036 890 2098 quo
924 2011 1147 2087 Thiotricus‚·'
1168 2031 1224 2078 rex

237 2103 446 2174 Francorum,
468 2105 582 2168 contra
600 2095 836 2180 Irmiulridum,
859 2112 1010 2182 generum
1032 2118 1136 2174 nuum,
1158 2099 1226 2157 Du·

237 2203 307 2244 cem
326 2181 578 2265 Thuriugorum,
601 2178 753 2244 dimicans
774 2191 892 2244 terram
912 2203 1026 2255 eornm
1043 2178 1225 2253 ¹crudeliter

238 2267 329 2330 ferro
351 2267 487 2330 vastarit
515 2273 548 2327 et
574 2262 648 2348 igni.
691 2265 734 2330 Et
755 2286 831 2337 cum,
856 2264 920 2352 jain
944 2264 1071 2328 dnobus
1091 2263 1225 2347 praeliis

239 2350 370 2433 ancipiti
390 2371 508 2438 pugna,
531 2348 713 2432 incertaque
734 2349 881 2429 victoria,
897 2347 1070 2413 miserabili
1094 2355 1225 2412 suorum

238 2434 335 2500 caede
358 2433 593 2508 decertassent,
626 2434 810 2516 Thiotricns
836 2454 894 2519 spe
920 2431 1066 2498 vincendi
1083 2433 1228 2495 'frustra‘

239 2527 310 2600 tus,
333 2519 418 2583 misit
438 2518 560 2600 legatos
578 2516 618 2580 ad
638 2519 799 2594 Saxones,
822 2539 959 2601 quorum
981 2523 1055 2581 Dux
1074 2527 1146 2581 erat
1164 2519 1224 2580 Ha·

239 2602 372 2689 dugoto.
399 2601 532 2667 Audirit
564 2602 649 2664 enim
671 2625 795 2666 causam
818 2604 969 2677 adventus
989 2623 1125 2680 eurum,
1148 2622 1227 2684 pro·

239 2690 405 2773 missisque
427 2708 487 2775 pro
506 2683 642 2750 victoria
652 2684 817 2749 habitandi
837 2687 976 2763 sedibus,
995 2685 1158 2757 conduxit
1172 2704 1226 2747 eos

239 2775 274 2836 in
295 2773 509 2857 adjutorium5
532 2770 649 2854 quibus
675 2774 782 2833 seorim
801 2773 887 2854 quasi
909 2769 971 2833 ‘am
991 2792 1053 2853 pro
1073 2768 1225 2831 libertate

238 2870 273 2921 et
289 2858 397 2942 patria
417 2854 656 2929 dimicantibus,
688 2858 848 2939 superavit
875 2795 1076 2920 adversarios
1087 2889 1107 2937 ‚·
1121 2862 1228 2917 vasta-

238 2940 343 3025 tidque
375 2938 531 3023 indigenis
560 2949 595 3002 et
621 2939 661 3000 nd
692 2937 942 3003 internecionem
964 2960 1069 3022 poene
1098 2935 1226 3014 deletis,

237 3033 357 3088 terram
387 3045 500 3086 eorum
529 3017 621 3106 juxta
644 3022 911 3105 pollicitationem
941 3023 1227 3107 suam'victoribus

237 3106 409 3193 delegavit.
450 3105 511 3183 Qui
541 3124 608 3168 eain
640 3117 727 3170 sorte
755 3107 953 3188 dividentes,
977 3128 1054 3169 cum,
1071 3106 1167 3168 multi
1187 3100 1231 3167 ex'

240 3193 285 3256 eIs
305 3195 345 3262 in,
363 3188 453 3255 bello
468 3188 684 3272 cecidissent,
714 3201 748 3254 et
766 3215 826 3276 pro
848 3193 998 3254 rarietate
1026 3212 1138 3253 eorum
1159 3197 1229 3253 tota

155 3288 158 3297 “
213 3302 214 3305 ’
241 3276 351 3340 abeis
380 3274 530 3359 occupari
560 3296 624 3336 non
645 3277 770 3359 potnit,
803 3287 926 3361 partem
952 3274 1059 3352 illius,
1089 3287 1121 3338 et
1146 3295 1227 3355 eam,

241 3381 335 3446 quam
356 3361 509 3430 maxime,
532 3381 614 3443 quac
635 3360 764 3445 respicit
781 3362 959 3434 orientem,
978 3359 1105 3422 colonis
1124 3358 1228 3420 trade·

242 3447 321 3509 bant
343 3444 458 3528 singuli
484 3465 544 3527 pro
567 3453 654 3506 sorte
682 3467 737 3508 sua
767 3446 826 3507 suh
853 3444 975 3506 tributo
1003 3443 1228 3505 exercendam.

245 3534 359 3608 Cetera
389 3550 468 3591 vero
499 3527 570 3591 loca
597 3528 658 3610 ipsi
680 3528 886 3610 possiderunt.
930 3532 956 3588 A
987 3526 1122 3589 meridie
1154 3525 1230 3610 qui-

243 3610 314 3678 dem
337 3617 474 3678 Francos
495 3610 648 3676 hahentes
668 3621 702 3674 et
719 3623 845 3696 partem
861 3610 1122 3696 Thuringornm,
1148 3631 1229 3695 quos

243 3696 436 3781 praecedens
455 3696 581 3759 hostilis
604 3695 701 3758 turbo
722 3718 786 3759 non
798 3698 906 3781 tetigit
924 3705 958 3757 et
980 3697 1072 3758 alueo
1090 3695 1230 3758 fluminis

173 3784 175 3791 '
242 3786 412 3845 Unstrotae
440 3781 651 3844 derimuutur.
695 3781 984 3864 ASeptemtrione
1017 3777 1230 3845 rero‘Nord-

168 3930 170 3937 ,
241 3887 392 3943 mannos,
429 3875 538 3952 gentes
566 3864 796 3936 ferocissimas„
831 3867 881 3927 Ab
916 3874 990 3928 ortu
1018 3873 1124 3926 autem
1153 3861 1230 3925 solis

245 3950 428 4013 Obodritos·
453 3960 487 4014 et
507 3950 547 4013 ab
568 3968 682 4014 occasu
701 3950 861 4015 Friseos.“
894 3954 981 4014 Haec
1013 3957 1063 4012 est
1093 3947 1231 4012 saxonia

243 4055 335 4101 nova.
379 4056 382 4061 ’
471 4050 490 4090 1—
