2752 4776
949 296 1098 373 ,45

68 488 174 588 ipsos
193 495 281 566 tuto
306 480 539 579 commercio
565 480 662 564 citra
687 478 938 560 formidinem
957 481 1027 569 vel,
1047 499 1153 564 terra

65 593 131 670 vel
149 589 247 665 mari
275 592 400 683 locus,
427 613 592 688 cumque
619 589 757 690 singuli
784 615 847 665 res
874 614 960 664 suas
978 606 1018 667 et
1036 615 1153 694 agros

66 704 226 775 catenus
253 696 443 790 colerent,
477 711 665 797 quatenus
699 697 816 771 vitam
842 721 954 800 parce
982 713 1152 800 agerent,

64 846 120 860 -
147 829 219 879 nec
245 800 406 878 humum
428 801 630 876 arboribus
655 817 923 894 consererent,
950 799 1061 878 facile
1085 830 1153 879 se-

65 909 135 986 des
157 925 367 986 mutarunt.
421 908 523 985 Ante
553 906 698 983 bellum
717 907 926 1011 Trojanum
947 910 994 984 ab
1016 909 1153 985 Hella·

66 1016 126 1090 dia
147 1015 364 1093 civitatibus
374 1014 470 1090 nihil
493 1015 746 1090 communiter
758 1031 907 1116 gestum
920 1010 1034 1091 luisse
1053 1042 1154 1093 con-

65 1139 159 1216 stat,
186 1146 230 1196 ac
253 1148 301 1197 ne
324 1119 398 1196 boc
419 1119 576 1220 quidem
595 1145 756 1214 nomen,
783 1138 827 1196 ut
849 1142 935 1195 mea
956 1119 1036 1220 fert·
1060 1148 1153 1198 sen-

64 1229 200 1321 tentia,
229 1230 407 1304 universa
423 1228 582 1303 Graecia
604 1251 806 1302 commune
829 1225 951 1304 adhuc
973 1228 1153 1323 habebat3

66 1334 136 1415 sed
161 1351 249 1411 ante
272 1349 436 1410 aetatem
456 1333 643 1425 Hellenis,
670 1331 740 1407 lilii
759 1334 1024 1429 Deucalionis,
1057 1341 1164 1434 cog-'

64 1467 208 1516 nomen
236 1442 341 1517 istud
370 1441 476 1515 nullo
502 1465 658 1546 prorsus
691 1438 806 1516 modo
836 1438 987 1517 videtur
1013 1438 1152 1534 luisse3

66 1547 137 1624 sed
163 1547 336 1650 singulae
358 1564 510 1648 gentes,
538 1570 626 1620 cum
648 1546 758 1640 aliae,
786 1563 870 1622 tum
893 1548 1057 1623 maxime
1073 1547 1152 1621 Pe-

63 1654 218 1757 lasgica,
248 1680 346 1755 quae
369 1653 551 1735 latissime
575 1652 711 1728 diffusa
734 1668 828 1747 erat,
855 1654 971 1747 locis,
996 1656 1036 1727 in
1058 1654 1152 1754 qui-
1254 1647 1268 1684 ²

62 1762 138 1837 bus
156 1740 362 1860 degebant,
388 1785 530 1836 nomen
553 1785 634 1835 ase
657 1759 747 1863 ipsis
767 1759 958 1835 indidisse.
984 1799 1036 1814 -
1063 1759 1151 1833 Ho-

62 1891 196 1943 merus
218 1868 423 1970 praecipue
447 1864 519 1942 hoc
538 1863 690 1959 indicat,
710 1867 886 1965 quamvis
904 1866 1007 1941 enim
1023 1864 1149 1941 multo

64 1988 156 2078 post
181 1971 326 2048 bellum
343 1971 554 2075 Troianum
578 1970 631 2063 ¹sit
656 1981 791 2068 natus,
816 1998 1005 2074 nusquam
1026 1985 1152 2046 tamen

63 2080 267 2155 universos
288 2079 468 2158 Graeciae
502 2079 666 2185 populos
695 2079 920 2185 appellavit,
947 2103 1018 2154 nec
1043 2077 1151 2170 alios,
1195 2126 1198 2128 v

64 2210 183 2285 quam
211 2209 297 2278 eos,
334 2186 402 2287 qui
437 2211 525 2261 cum
544 2184 692 2260 Achille
721 2213 771 2262 ex
790 2185 1008 2264 Phthiotide
1029 2207 1155 2261 vene-

62 2308 172 2384 rant,
210 2293 278 2391 qui
310 2293 425 2367 etiam
456 2293 572 2396 primi
593 2285 755 2377 'Etierae
775 2290 955 2384 fuerunt,
994 2290 1150 2365 Danaos

61 2421 179 2492 vero,
213 2412 252 2471 ct
271 2398 436 2500 Argivos
466 2414 506 2473 et
525 2395 721 2474 Accbaeos
756 2401 797 2477 in
819 2399 897 2475 suis
920 2398 1150 2473 carminibus
1280 2414 1285 2422 ·

61 2501 545 2582 nominum-venerant
566 2503 742 2610 primitus
760 2503 1050 2606 Magari,Huni,
1077 2501 1151 2576 Sa·
1191 2602 1194 2606 .
1288 2582 1293 2595 ,

62 2636 143 2705 cae,
171 2609 428 2712 Massagetae,
449 2611 641 2718 Arimaspi
664 2627 734 2691 etc.
754 2613 936 2708 nomine
959 2610 1149 2718 proprio

60 2742 141 2793 non
161 2717 354 2795 communi
374 2714 615 2820 Scytharum
840 2718 844 2726 ‘

159 2935 198 3036 ᾖ.
218 2932 279 3010 42.
316 2931 543 3034 Sasostrim,
580 2933 864 3044 Aegyptiorum
879 2960 1031 3039 regem,
1064 2951 1150 3017 ante

62 3043 270 3121 Abrahami
297 3059 472 3148 tempora
499 3045 644 3123 vixisse
672 3045 817 3139 multo,
843 3043 950 3148 quod
973 3042 1151 3150 Scriptor
1235 3056 1241 3069 '

62 3151 166 3247 vult3
193 3168 272 3226 tam
296 3166 493 3243 veterum,
520 3161 639 3254 quam
661 3152 921 3229 recentiorum
939 3151 1029 3225 crisi
1050 3176 1150 3229 con-

63 3259 220 3336 vulsum
238 3253 316 3360 jam
343 3254 490 3331 dudum
519 3274 594 3335 est:
630 3257 822 3365 losephus
841 3256 994 3334 Flavius
1018 3275 1151 3337 contra

61 3365 290 3471 Appionem·
313 3360 379 3437 lib.
399 3363 429 3439 l.
458 3363 512 3438 ita
539 3362 720 3469 disputat:
749 3363 987 3461 „Manethon
1009 3389 1151 3467 genere

61 3468 290 3576 Aegyptius,
309 3507 362 3525 -
381 3475 560 3573 paternae
581 3470 781 3576 religionis
798 3470 999 3548 historiam
1019 3498 1068 3547 ex
1087 3497 1152 3548 se·-
1251 3565 1254 3572 ι

60 3581 137 3656 cris
164 3577 290 3679 (sicut
315 3575 399 3680 ipse
424 3565 503 3673 aii)
529 3578 799 3684 interpretatus
822 3578 951 3674 libris3
995 3579 1051 3652 sic
1080 3579 1150 3654 ait:

60 3685 271 3787 Postquam
290 3706 465 3786 egressus
485 3698 552 3768 ,est
574 3709 623 3760 ex
637 3685 815 3789 Aegypto
831 3687 997 3793 populus
1020 3699 1153 3788 pasto*

60 3819 151 3870 rum
170 3790 219 3866 ad
235 3786 566 3892 Hierosolymam,
596 3792 779 3896 expulsor
798 3819 934 3868 eorum
953 3789 1153 3876 Themosis

59 3899 238 4004 regnavit
255 3911 345 3999 post
365 3895 457 3973 haec
475 3896 581 3971 annis
603 3899 665 3974 25.
688 3916 728 3974 et
746 3899 940 3976 mensibus
965 3899 998 3971 4.
1021 3914 1067 3980 et¹
1081 3894 1153 3982 de·-

59 4003 222 4084 functus
241 4020 328 4085 est
363 4001 630 4107 Assumeitque
660 4016 823 4107 reguum
846 4005 947 4081 lilius
971 4003 1161 4082 Chebron-

59 4117 172 4194 annis
202 4112 270 4229 lb,
297 4127 386 4215 post
411 4110 785 4236 quemAmenophis
814 4113 862 4188 20
893 4126 934 4188 et
959 4111 1152 4196 mensibus
