2752 4776
309 315 356 387 44

239 511 296 598 ,7ς
322 506 433 612 hujus
462 519 588 582 autem
616 526 729 591 soror
753 501 925 583 Amesses
955 508 1062 584 annis
1086 509 1132 585 21
1163 525 1203 586 et
1222 538 1329 588 men·

252 614 358 689 sibus
381 612 424 707 9;
450 607 629 713 Mepbres
660 626 788 685 autem
817 614 864 687 12
900 630 939 688 et
958 617 1151 698 mensibus
1168 617 1217 712 '93
1245 617 1328 694 Me-

253 718 507 823 pbramutosis
541 716 589 790 25
622 732 661 794 et
678 718 868 795 mensibus
899 722 968 817 103
994 722 1183 799 Tbonosis
1205 740 1328 801 autem

252 825 277 900 9
297 843 336 900 et
356 823 547 900 mensibus
568 824 606 919 83
634 822 869 933 Amenophis
889 852 983 903 vero
1002 830 1051 902 50
1073 846 1112 904 et
1134 831 1326 904 mensibus

255 930 325 1027 103
362 932 463 1004 Orus
490 956 585 1005 vero
618 929 680 1004 56·
695 947 733 1003 et
753 931 946 1007 mensibus
967 933 1004 1008 5.
1058 932 1183 1036 Hujus
1200 953 1327 1013 autem

252 1035 331 1120 filia
346 1035 583 1111 Acencheres
616 1039 662 1110 12
699 1053 738 1110 et
764 1063 894 1112 mense
921 1064 1017 1134 uno;
1044 1037 1218 1132 Rathotis
1237 1068 1329 1119 vero

250 1141 368 1218 frater
400 1142 444 1238 93
481 1139 720 1218 Acencbenes
752 1134 878 1217 autem
911 1147 959 1218 12
991 1163 1030 1221 et
1050 1147 1249 1222 mensibus
1284 1147 1328 1239 53

249 1247 607 1324 Acencheresalter
641 1251 687 1322 12
715 1266 754 1323 et
776 1252 970 1325 mensibus
991 1252 1033 1344 33
1060 1253 1213 1343 Armais
1236 1278 1329 1327 vero

138 1381 140 1387 ⁴
163 1398 166 1403 -
252 1355 275 1426 4
296 1372 335 1430 et
352 1381 481 1430 mense
503 1379 600 1449 uno;
627 1354 797 1430 Armesis
820 1372 945 1431 autem
963 1383 1040 1432 uno
1070 1376 1109 1432 et
1134 1360 1329 1434 mensibus

251 1461 274 1532 4
282 1489 293 1563 5
322 1461 788 1538 Armesesmiamumvero
812 1459 862 1535 66
884 1480 923 1538 et
946 1463 1137 1538 mensibus
1161 1463 1330 1556 duobus;

251 1567 489 1667 Amenophis
516 1566 562 1640 19
583 1585 623 1642 et
641 1567 830 1642 mensibus
850 1567 885 1642 6.
913 1566 1084 1642 Sesotis
1110 1569 1328 1668 (Sesostris)

251 1689 377 1748 autem
400 1690 598 1773 equestres
619 1689 660 1748 et
676 1675 827 1748 navales
848 1677 975 1778 copias
994 1674 1149 1770 habens,
1168 1673 1328 1751 fratrem

184 1848 186 1852 ,
238 1777 406 1879 ¹quidem
426 1781 585 1854 Armain
614 1797 904 1880 procuratorem
924 1784 1092 1882 Aegypti
1106 1783 1329 1872 constituit,

250 1902 289 1962 et
311 1912 464 1961 omnem
485 1887 520 1961 ei
542 1887 709 1987 regalem
729 1888 889 1963 eontulit
909 1903 1148 1992 potestatem,
1160 1907 1331 1964 tantum-

152 2079 154 2086 ,
249 1991 366 2067 modo
391 2011 518 2068 autem
536 1991 746 2069 diademate
769 1993 825 2064 uti
845 1991 1218 2100 prohibuit-Ipse,
1238 2021 1331 2069 vero

138 2117 140 2121 ·
249 2095 298 2171 ad
317 2098 485 2200 Cyprum
508 2117 547 2173 et
563 2098 776 2174 Phoenicen
801 2115 839 2173 et
859 2125 989 2174 rursus
1010 2101 1331 2200 contraAssyrios

249 2219 364 2303 atque
397 2206 532 2281 Medos
563 2222 686 2280 castra
713 2221 896 2298 metatuS,
938 2207 1137 2288 universos
1161 2203 1330 2309 quidem,

250 2310 345 2387 alios
370 2309 488 2406 ferro,
517 2312 611 2387 alios
634 2337 727 2385 vero
750 2311 832 2387 sine
853 2311 970 2406 bello,
998 2329 1148 2389 terrore
1169 2337 1330 2413 magnae

248 2417 423 2513 virtutis,
451 2419 603 2494 sibimet
625 2414 860 2522 subjugavit,
887 2413 1058 2495 hisvero
1083 2416 1330 2494 felicitatibus

250 2523 417 2600 elevatus
447 2525 695 2606 confidentius
725 2520 939 2619 incedebat,
978 2524 1182 2602 orientales
1217 2525 1332 2599 urbes

251 2656 294 2703 ac
313 2635 529 2731 provincias
541 2628 810 2706 subvertendo.
840 2627 1043 2731 Multoque
1055 2613 1229 2735 telnpore
1242 2657 1335 2732 pro·

249 2737 406 2813 cedente
421 2738 591 2832 Armais,
618 2738 685 2837 qui
710 2737 751 2808 in
769 2735 947 2839 Aegypto
967 2735 1093 2811 fuerat
1117 2737 1331 2828 derelictus,

248 2846 374 2918 omnia
405 2863 538 2921 contra
571 2868 688 2945 quam
709 2840 830 2917 frater
855 2868 967 2943 agere
1000 2859 1223 2936 monuerat,
1251 2845 1333 2916 sine

247 2951 388 3025 timore
410 2951 647 3043 faciebat‚·-
660 2973 940 3052 persuasusque
959 2950 1007 3022 ab
1029 2950 1159 3024 amicis
1185 2965 1225 3026 et
1245 2947 1339 3022 dia-.

247 3052 397 3131 demate
420 3057 598 3139 utebatur
622 3070 659 3128 et
681 3052 792 3140 fratri
818 3055 1038 3130 rebellabat.
1066 3095 1120 3113 -
1147 3053 1332 3131 Sesostris

246 3159 404 3238 domum
424 3179 623 3238 revocatus
645 3177 804 3266 repente
831 3162 879 3235 ad
895 3161 1090 3237 Pelusium
1111 3160 1336 3254 destinavit.

248 3284 287 3342 et
317 3273 517 3375 proprium
544 3271 669 3346 tenuit
696 3282 868 3369 regnum.
923 3269 1125 3344 Provincia
1140 3262 1247 3343 ”vero
1275 3285 1332 3344 est

177 3458 180 3465 1
247 3392 381 3450 vocata
404 3402 451 3452 ex
472 3377 553 3481 ejus
574 3376 730 3453 nomine
743 3375 954 3485 Aegyptus,
972 3375 1064 3449 dicit
1087 3375 1198 3466 enim,
1224 3374 1333 3476 quod

246 3477 417 3559 Sethosis
433 3483 632 3588 Aegyptus
652 3479 877 3573 vocabatur5
905 3480 1057 3581 Armais
1082 3497 1221 3575 autem,
1248 3478 1323 3554 fna-

244 3596 307 3663 ter
327 3589 429 3692 ejus,
454 3587 630 3664 Danaus(
657 3586 761 3660 Haec
792 3585 949 3688 quidem
970 3586 1165 3679 Manetbo.
1197 3587 1332 3662 >Palam

243 3721 339 3772 vero
352 3714 408 3772 est
428 3696 631 3801 praedictis
643 3694 760 3784 annis,
777 3709 952 3798 tempore
970 3711 1203 3798 computato,
1215 3695 1333 3796 ¹quod

244 3802 313 3902 qui
337 3798 569 3878 iocabantur
591 3802 785 3893 Pastores,
813 3799 853 3873 id
876 3819 934 3878 est
952 3804 1075 3879 nostri
1095 3802 1335 3907 progenito-

240 3932 328 4002 res,
355 3935 404 3984 ex
432 3910 609 4013 Aegypto
633 3905 807 3999 liberati,
834 3926 919 3982 ante
949 3925 1026 3984 tres
1053 3925 1093 3982 et
1122 3907 1333 4007 nonaginta

246 4027 361 4111 atque
386 4031 579 4091 trecentos
610 4037 727 4088 annos
756 4011 852 4088 hanc
874 4015 1110 4116 provinciam
1134 4011 1333 4088 inhabita·-

238 4136 348 4212 ἵετο,
369 4145 484 4224 quam
506 4122 657 4201 Danaus
678 4117 726 4197 ad
741 4117 866 4223 Argos
888 4122 1097 4216 accederet,
1116 4119 1206 4200 licet
1228 4118 1333 4199 buno
