2752 4776
1052 322 1101 400 6-7

70 517 189 592 stiim
215 533 253 592 et
275 498 551 621 Caphtolim'.“‘
570 520 663 617 Gen.
689 519 759 614 10,
788 515 966 594 lli-⁴14:
997 516 1046 594 Et
1068 520 1160 619 quia

72 650 202 723 non-a
221 623 373 698 Canaan
392 645 501 703 erant
525 626 661 729 geniti,
680 625 804 700 vocati
828 631 1037 723 ᾗοιλλοφιλσι,
1063 625 1160 701 alie·-

76 728 251 828 nigenae.
282 726 356 806 Sed
370 727 560 834 quidquid
579 728 717 808 horum
736 733 797 824 sit,
807 728 1035 809 Ph‘ssi'ahiim
1055 747 1159 808 certe

73 860 156 909 non
178 851 288 908 crant
309 837 458 932 Parthi,
487 855 619 938 utpote
650 854 727 913 tam
749 862 770 907 a
789 833 1014 927 Phila-cinis,
1041 862 1158 937 quam

14 971 17 980 ·
72 938 124 1012 ab
135 942 352 1033 ἀλλοφιλοις
370 940 538 1018 distincti
554 942 634 1017 Act.
650 946 684 1017 2.
705 967 737 1017 c.
751 939 787 1015 9.
817 942 965 1015 Cestius
982 941 1158 1043 Pelasgos

71 1067 145 1117 nec
164 1038 375 1149 a'Parthis,
401 1075 514 1124 neca
536 1046 778 1124 Philisthaeis
797 1064 903 1139 ortos
923 1043 1061 1143 fuisse3
1088 1046 1156 1122 sed
1219 1125 1222 1133 ,

71 1178 95 1225 a
110 1149 282 1251 Pelasgo,
297 1154 407 1228 sicut
424 1156 623 1252 Danaos‘a
641 1153 786 1246 Danao,
813 1151 993 1227 Hellenes
1013 1180 1035 1225 a
1054 1152 1155 1226 Hel·

23 1260 27 1270 “
71 1254 180 1357 lene:
216 1258 359 1334 Strabo
382 1260 408 1334 l.
430 1260 487 1334 V„
507 1288 544 1362 p.
566 1262 655 1334 221.
686 1261 757 1333 ait:
785 1256 987 1362 „Ephoro,
1013 1274 1057 1332 ut
1078 1257 1183 1334 Per
1243 1271 1247 1276 '

69 1362 198 1466 lasgos
228 1386 279 1436 cx
304 1363 468 1441 Arcadia
498 1365 664 1461 diceret,
702 1379 836 1440 auctor
861 1362 937 1443 fuit
962 1362 1156 1440 Hesiodus

69 1466 221 1543 dicens:
492 1485 495 1491 '
587 1476 590 1483 '
696 1484 700 1489 ’
1034 1468 1038 1477 ’

453 1534 735 1650 Licaonefaalosa¹
823 1590 827 1600 ·
1199 1652 1208 1662 ἢ

155 1679 262 1763 Quem·
278 1678 438 1766 quondam
461 1681 567 1743 seruat
589 1681 694 1749 clerus
715 1679 860 1764 genuisse
881 1678 1108 1769 Pelasgus.
1193 1704 1196 1713 ¹

39 1872 42 1878 .
67 1804 216 1910 Pelasgi
241 1835 335 1884 vero
355 1807 499 1885 natales
523 1809 726 1885 edisseruit
748 1806 944 1885 Diodorus
964 1806 1036 1883 Sic.
1061 1805 1147 1911 (lili.

65 1911 137 1987 lv.
165 1939 198 1986 c.
218 1909 421 2019 existit:
444 1912 653 2010 '„Oceanus
672 1929 726 1990 et·
740 1912 901 2015 Thetys,
929 1913 1150 2017 utzfibulac

65 2017 224 2120 quidem
252 2018 445 2116 dictitant,
487 2020 570 2095 tum
599 2019 693 2096 alios
715 2021 936 2125 complures
962 2018 1151 2095 dederunt

64 2141 176 2200 natos
211 2122 416 2204 fluviorum
446 2125 665 2202 nominihus
695 2125 887 2221 celebres,
910 2134 1005 2201 'tum
1035 2128 1149 2204 etiam

65 2230 236 2306 Peneum
256 2248 297 2308 et
313 2232 496 2339 Asopum,
532 2233 648 2308 Penei
671 2233 777 2310 sedes
802 2232 878 2309 fuit
895 2234 1021 2335 regio,
1050 2257 1147 2335 quae
1259 2300 1263 2306 .
1328 2298 1331 2303 .

64 2362 167 2422 nunc
185 2335 381 2414 Thessalia·
398 2345 567 2434 vocatur,
589 2340 656 2440 qui
678 2335 838 2413 fluvium
858 2339 972 2413 illum
990 2341 1146 2414 nomine

62 2440 291 2518 nobilitavit
329 2446 481 2551 Asopos
501 2445 676 2520 Phliunte
696 2441 887 2542 habitans,
916 2443 1146 2549 Metropcm‚

64 2546 266 2625 Cadmonis
295 2549 433 2648 filiam,
470 2573 632 2626 uxorem
660 2549 813 2644 habuit,
848 2577 948 2654 quae
976 2549 1074 2626 duos
1106 2551 1143 2624 ei

61 2652 163 2728 filios
184 2660 349 2760 peperit,
374 2658 572 2758 Pelasgum
593 2672 633 2745 et
649 2652 905 2734 Ismeneitm.“
933 2653 1009 2730 Sed
1029 2657 1147 2732 etiam

59 2758 94 2834 si
116 2758 274 2862 etymon
291 2766 396 2840 vocis
416 2766 560 2866 Pelasgi
584 2779 819 2868 spectemus,
848 2787 981 2864 graeca
1001 2761 1067 2834 illa
1087 2776 1146 2837 est

59 2861 228 2968 origine,
254 2894 344 2963 ‚non
370 2867 615 2973 Aethiopica:
642 2869 750 2952 πέλας
782 2870 885 2944 enim
907 2866 1144 2943 tantumdem

59 2988 121 3048 est
142 2999 184 3048 ac
204 2974 371 3070 vicinus3
399 2990 557 3075 eratque
576 2972 789 3070 Thessalia,
826 3001 874 3050 ex
896 2999 973 3074 qua
992 2964 1142 3073 Pelasgi

56 3097 262 3174 venerant,
291 3083 424 3156 vicina.
453 3083 529 3170 Qui
552 3080 721 3155 Atticam
743 3082 940 3157 coluerant
961 3106 984 3154 a
1009 3077 1142 3158 colore

55 3179 170 3260 faciei
191 3184 282 3262 dicti
303 3186 468 3292 Pelar'gi:
496 3194 598 3271 asico
625 3187 727 3262 enim
746 3219 802 3260 =
817 3187 948 3289 niger,
975 3203 1015 3262 et
1034 3185 1142 3281 aloyae

54 3320 115 3358 =
134 3291 252 3368 albus.
879 3332 882 3337 Α

97 3457 273 3524 Audiamus
289 3460 330 3524 de
341 3463 478 3549 Pelasgis
494 3473 620 3530 exteros
641 3462 736 3527 etiam
758 3463 973 3535 recentiores:
998 3463 1141 3538 „Pausa-

36 3598 38 3603 .
153 3544 220 3605 nias
249 3547 373 3612 eratihlt
396 3550 492 3632 (Vlll.
524 3555 552 3610 1.
573 3549 604 3609 4.
629 3546 688 3631 5.);
718 3547 788 3611 dass
817 3547 869 3609 die
895 3545 1051 3608 Arkadier
1078 3545 1140 3609 he·

151 3627 346 3710 haupteten,
380 3633 527 3716 Pelasgus
545 3653 599 3715 scy
619 3632 652 3694 in
672 3629 773 3694 ihrem
793 3631 899 3694 Laude
921 3631 1075 3714 geboren.
1101 3662 1139 3674 -

150 3712 250 3775 Nicht
269 3713 356 3779 bloss
373 3718 406 3780 in
418 3715 588 3795 Arkadiem
611 3714 747 3781 son'dern
767 3716 851 3780 auch
868 3716 901 3776 in
910 3719 1011 3799 Argos
1022 3710 1141 3798 (Apol-

151 3794 290 3860 lod.111.
313 3803 341 3862 8.
364 3808 390 3863 1.
413 3800 589 3884 Stephanus
607 3801 784 3863 Bizantinus
804 3801 863 3865 sub
885 3819 967 3862 voce
991 3792 1139 3878 πελαςγος)

147 3879 315 3957 ¹erscheint
338 3887 390 3947 ein
418 3885 501 3946 alter
521 3886 624 3968 Konig
643 3885 823 3983 Pelasgos(
843 3883 932 3945 Aber
962 3880 1051 3941 nicht
1069 3877 1140 3940 ein·

152 3962 216 4024 mal
230 3965 332 4050 Argos
354 3969 482 4032 konnen
501 3968 562 4032 wir
581 3971 627 4032 als
648 3969 701 4032 dic
720 3967 912 4052 ergentlicha
927 3964 1055 4026 Heimat
1079 3961 1138 4023 der

154 4046 300 4128 Pelasger
317 4052 424 4137 gellen
445 4059 567 4132 lassen;
588 4053 776 4120 dennauch
792 4055 844 4116 die
866 4049 1015 4132 Pelasger
1036 4066 1137 4128 zogen

152 4152 209 4195 aus
235 4130 441 4220 Thessalica,
474 4138 613 4205 welches
641 4139 694 4204 die
711 4136 830 4222 Wicgc
858 4134 917 4200 der
943 4140 1136 4223 gesaramtcn
