2752 4776
308 333 381 410 120

1240 420 1254 452 Φ

258 523 526 622 Dubravicius3
559 537 674 625 quem
691 517 768 623 jam
792 521 891 597 serie
917 521 1195 628 ininterrnpta,
1215 522 1314 598 inse-

255 632 303 709 de
325 632 589 724 Oiomucensi‚
623 628 844 706 hodiernam
873 652 996 728 usque
1027 627 1149 721 diem,
1178 654 1314 704 succes-

131 805 135 821 ,
198 770 209 824 j
252 763 358 814 sores
383 753 635 843 exceperunt3
662 734 853 837 catalogus
872 735 1043 838 ipsorum
1064 736 1316 838 adquaestio-

248 871 348 939 nem,
367 870 480 945 quam
492 847 688 947 agitamus,
699 844 922 940 neutiquam
939 857 1096 947 spectat·
1110 845 1228 918 -Ex
1241 842 1318 917 hac-

249 967 362 1025 tenus
391 955 479 1025 satis
509 949 754 1048 ubertimque
782 945 1004 1050 disputatis,
1039 946 1320 1050 Praepositum·

247 1057 322 1131 lem
353 1055 581 1149 Ecclesiam,
609 1055 841 1130 Nitriensem
863 1055 1110 1158 Episcopatui
1133 1054 1320 1129 Moravico

247 1160 364 1238 fuisse
387 1164 614 1255 obnoxiam,
642 1162 788 1235 clareto
808 1156 899 1234 mihi
922 1160 1086 1235 videtur.
1113 1161 1187 1236 Ast
1204 1186 1323 1260 quan-

247 1267 407 1360 donam,
435 1269 482 1343 ab
505 1268 640 1345 eodem
661 1283 851 1371 separata,
876 1262 1160 1366 instauratoque
1186 1265 1325 1359 fuerit,

245 1373 406 1448 arduum
435 1376 555 1476 magis
580 1372 766 1450 confecto.
1356 1392 1357 1395 ’

347 1592 379 1696 ᾧ.
404 1592 464 1670 56.
494 1590 642 1668 Auctor
663 1591 821 1667 notitiae
840 1584 1090 1696 Episcopatus
1108 1591 1328 1686 Nitriensim

245 1728 356 1807 saepe
372 1700 560 1793 laudatus,
578 1699 891 1773 instaurationem
911 1697 994 1802 ejus
1007 1700 1230 1800 Proto-regi
1246 1699 1325 1773 Ste-

247 1806 373 1913 phano
400 1832 569 1894 asserere
599 1830 675 1878 non
696 1803 844 1878 dubitat
867 1805 918 1905 (p.
944 1810 1007 1879 90.
1032 1805 1107 1906 sq.)
1124 1806 1327 1904 sequenti-

245 1914 319 1988 bus
344 1914 536 1988 rationum
562 1914 782 1984 momentis:
824 1911 863 2007 1)
884 1910 927 1984 ld
950 1909 1026 1986 fert
1046 1912 1202 1986 traditio
1221 1936 1328 1987 com-

246 2011 407 2095 munisz·
441 2020 712 2123 Episcopatum
743 2045 765 2089 a
791 2015 828 2089 S.
860 2013 1052 2121 Stephano
1079 2041 1162 2094 esse
1190 2016 1328 2092 funde-

244 2142 345 2217 tum,
384 2141 611 2197 nontamen
642 2122 681 2196 et
710 2122 894 2223 dotatum
934 2123 973 2220 2)
998 2116 1160 2198 Difficile
1182 2126 1328 2200 creditu

243 2231 468 2332 Hungarioe⁴
479 2227 708 2334 Apostolum
731 2228 972 2303 Provinciam
991 2230 1230 2306 Nitriensem
1247 2232 1327 2306 sino

244 2333 396 2410 condito
419 2336 613 2438 episcopio
633 2334 844 2433 reliquisse.
866 2335 907 2430 5)
928 2334 1195 2437 suffragantur
1215 2339 1328 2412 etiam

242 2442 375 2534 literae
405 2442 664 2517 donationales
689 2441 855 2540 capitulo
885 2440 1070 2517 Nitriensi
1106 2443 1154 2517 ab
1188 2442 1326 2519 eodem

183 2608 188 2617 .
241 2573 451 2644 concessae.
470 2544 511 2650 i)
523 2548 717 2640 Bestritus,
739 2547 805 2648 qui
824 2546 1009 2623 seditione
1020 2549 1200 2622 Vataiana
1215 2549 1329 2622 Mar-

241 2670 304 2754 tyr
325 2655 441 2746 obiit,
480 2655 576 2728 aiter
598 2655 818 2757 episcopus,
847 2680 961 2754 quam
981 2655 1212 2748 Nitriensis‚
1245 2677 1329 2730 esse

138 2777 141 2781 ·
240 2784 317 2833 non
339 2761 478 2865 potuit.
510 2760 550 2858 5)
571 2761 766 2847 Dioecesis
784 2757 988 2836 Nitriensis
1019 2759 1065 2833 ad
1085 2759 1329 2862 Strigonien-

135 2875 137 2880 ’
184 2949 186 2954 Ι
243 2882 328 2938 sem
345 2881 420 2939 tem
438 2867 487 2939 ob
499 2866 631 2951 finium
651 2866 888 2958 distantiam,
910 2884 1079 2966 quamet
1091 2867 1236 2942 aditum
1249 2865 1328 2942 dif-

241 2968 463 3062 ficiliorem,
490 2970 625 3044 referri
638 2971 735 3045 haud
760 2977 895 3074 potuit.
920 2970 960 3070 6)
978 2974 1234 3079 Episcopatus
1253 2975 1329 3048 Ni·-

100 3079 102 3084 *
152 3149 154 3154 f
243 3075 395 3150 triensis
417 3105 437 3149 a
459 3074 495 3148 S.
516 3076 621 3178 Rege
641 3075 843 3169 fundatus,
873 3095 1090 3181 temporum
1111 3078 1329 3156 adversita-²

215 3228 218 3233 ·
239 3196 277 3253 te
300 3207 555 3286 praepropere
585 3182 790 3257 intercidit.
847 3226 848 3231 =

213 3408 220 3416 ·
336 3376 370 3477 ᾗ.
394 3372 738 3456 susurrationes
764 3381 879 3476 istae,
907 3409 995 3458 meo
1024 3381 1164 3475 videri,
1193 3381 1329 3475 Nitri—

241 3483 342 3558 ensis
373 3482 571 3559 cadtcdrae
602 3487 917 3562 instaurationem
934 3517 1014 3592 >per
1038 3489 1076 3563 S.
1096 3514 1229 3590 regem
1264 3484 1327 3566 fa·

243 3605 367 3683 ctam,
385 3591 605 3689 neutiquam
626 3596 832 3686 evincunt3,
848 3621 935 3666 nam
955 3593 992 3692 i)
1012 3593 1184 3669 Traditio
1208 3597 1325 3672 nullis

240 3692 376 3790 factis,
403 3700 706 3773 mouumentisve
730 3699 932 3773 Historicis
960 3703 1113 3794 innixa,
1139 3702 1324 3804 vulgaris,

242 3799 353 3876 fidem
367 3799 490 3876 facere
506 3806 657 3902 nequit:
671 3803 864 3906 quodnam
875 3831 967 3882 vero
980 3823 1038 3881 est
1049 3809 1292 3912 episcopatus
1302 3836 1325 3882 a
1348 3798 1354 3818 ’

242 3901 279 3977 S.
307 3905 497 4008 Stephano
523 3905 669 3981 fundati
699 3909 930 4012 vestigium?
956 3911 1135 4008 Nullum.
1156 3915 1325 4011 Quinam

236 4016 373 4087 vetusti
417 4011 664 4095 fundationis,
684 4017 830 4091 testes?
868 4016 1003 4094 Nemo
1044 4019 1200 4094 Librata
1231 4048 1326 4097 sane

244 4113 403 4192 hancin
437 4146 518 4194 rem
542 4121 697 4222 Georgii
737 4122 840 4223 Pray'
866 4127 1070 4202 sententia:
1104 4125 1222 4221 ·‚‚N·on
1248 4125 1327 4210 fuit
