2752 4776
1045 313 1092 387 75

154 501 178 571 1.
191 529 218 575 c.
240 526 274 590 p.
285 511 367 570 2.-
380 505 509 568 Vicinos
527 505 700 569 sinensium
717 505 966 589 protoparentes
977 507 1147 590 Magyaro-

157 614 227 654 rum
254 590 336 652 haud
359 591 472 668 fuisse,
492 611 563 651 cum
584 592 668 652 inter
692 614 750 654 noa
770 593 857 654 nuiia
878 593 919 655 sit
938 613 995 653 eeu
1017 611 1145 668 vocum,

157 699 213 738 ceu
243 674 490 760 grammaticae,
521 695 577 737 seu
601 677 695 737 etiam
721 697 844 738 morum
874 676 1026 749 affinitas,
1064 697 1146 760 quac

158 762 243 824 inter
258 763 398 836 Turcos,
428 758 610 822 Chunorum
638 757 815 848 (Hicngnu)
836 771 983 846 posteros
1002 771 1146 843 apparet,

159 869 201 907 ex
221 843 354 906 adverso
385 865 455 904 cum
476 844 606 914 Fennis,
628 844 854 926 Mongoiibus,
886 867 923 906 ac
943 847 1068 905 Tataria
1096 844 1148 904 vi·

158 931 247 992 cinos
269 927 426 1011 quondam
448 928 634 1004 convixisse,
647 950 718 995 cum
744 930 833 991 nobis
853 930 951 991 muita
974 928 1035 990 sint
1054 951 1148 991 com-

159 1012 283 1089 munia,
315 1014 387 1095 jure
411 1012 565 1093 arguitur.
591 1012 851 1082 *Cfab'choitiutn
873 1017 894 1080 Ι.
918 1036 945 1080 c.
967 1036 999 1095 p.
1022 1021 1048 1081 7.
1080 1016 1144 1076 Jos.

157 1103 313 1159 Hammer
329 1095 361 1156 in
374 1097 464 1159 Poesi
484 1096 619 1158 Tuccica
638 1106 716 1163 tom.
730 1103 750 1158 1.
768 1101 868 1180 praef.
892 1099 1046 1181 Spectatis
1067 1118 1145 1180 crgo

158 1182 323 1243 omnibus:
357 1179 387 1240 in
415 1180 628 1242 Lineamentis
654 1182 859 1250 Horatianis
885 1205 949 1245 non
979 1203 1074 1243 unum
1104 1180 1144 1243 ad

155 1265 300 1328 veritatis
317 1262 462 1324 amussim
485 1265 664 1345 reperimus
684 1273 827 1332 exactum
840 1316 849 1345 ,
874 1291 893 1328 n
904 1291 922 1326 ο
933 1290 952 1328 n
975 1265 1075 1348 inqu
1086 1289 1104 1326 a
1114 1286 1145 1327 ιιι

157 1371 292 1412 unum.
317 1347 409 1422 Quod
437 1358 485 1409 est
512 1347 551 1408 ad
579 1349 724 1410 forman:
747 1352 867 1412 nullum
899 1353 929 1413 in
955 1351 1001 1412 eis
1021 1350 1145 1433 princi-

153 1437 256 1520 pium,
279 1431 366 1492 nulia
385 1431 516 1509 divisio,
540 1433 642 1493 nulius
661 1453 758 1494 nexus
776 1447 809 1501 et
832 1437 930 1502 ordo:
953 1435 1039 1496 nulia
1059 1444 1145 1497 tem·
1206 1462 1209 1468 ·

154 1541 271 1603 porum
289 1516 500 1600 consignatio,
519 1528 627 1580 rectae
642 1516 773 1602 Logices
792 1521 931 1586 defectu.
955 1511 1061 1586 Finem
1084 1518 1145 1582 de·

155 1605 255 1690 nique
275 1599 349 1666 vide
368 1623 399 1685 p·
420 1603 492 1667 132.
510 1600 592 1664 linea
611 1609 628 1666 7
639 1603 665 1662 i!

153 1803 186 1902 ξ.
205 1801 266 1879 65.
295 1803 351 1876 En
369 1801 591 1898 claritatem,
612 1823 727 1906 quam
745 1801 870 1878 rebus
882 1805 1027 1908 patriis,
1052 1799 1141 1875 Phi·

61 1909 244 2012 loiogiae,
288 1907 546 2012 Historiisqua
585 1911 805 2004 universiss
835 1910 987 1984 affudit
1013 1905 1143 1983 foetus

60 2016 359 2093 Horvathianus!
389 2013 434 2090 In
454 2035 604 2119 partum
623 2041 739 2092 annos
757 2016 959 2092 duodecim
979 2013 1144 2107 necdum

58 2125 261 2218 maturuit3
288 2121 354 2197 sed
365 2124 395 2195 si
407 2123 531 2199 lucem
548 2120 798 2226 conspexerit,
810 2122 961 2199 Lucina
971 2119 1135 2213 favente,

57 2233 133 2323 cui,
154 2247 197 2304 ut
217 2228 350 2323 dicam,
369 2231 410 2302 in
431 2229 683 2305 vitalitium
702 2231 907 2306 virssbonus
924 2231 970 2323 G.
988 2229 1028 2301 F.
1041 2228 1144 2303 Pro-

55 2337 203 2413 vinciae
220 2336 447 2425 Pestinensis
465 2336 659 2436 Physicus‚
691 2337 736 2409 15
760 2339 881 2412 miliia
904 2334 1143 2411 florenorum

55 2444 257 2520 addixerat
271 2474 318 2496 ·-
333 2444 420 2542 quis
440 2469 536 2548 puer
556 2442 627 2515 iste
650 2443 798 2518 erit??!
828 2444 888 2517 An
912 2467 1000 2535 non,
1021 2467 1142 2542 quum

57 2555 96 2623 in
124 2551 255 2625 virum
283 2547 518 2650 profecerit,
564 2548 658 2626 lucis
686 2549 797 2654 jubar
827 2551 901 2622 'toti
936 2546 1141 2650 explicabit

54 2654 217 2730 orbitt·
246 2659 293 2731 Et
326 2660 408 2730 tum'
438 2658 533 2730 nulli
564 2653 667 2730 ultra
703 2656 824 2749 dubio
854 2656 978 2748 loeus,
1018 2654 1140 2730 omnis

54 2765 342 2840 controversiae
366 2761 516 2838 sinesii
530 2763 537 2833 i
550 2761 557 2832 !
571 2803 621 2814 --
648 2762 757 2857 „Hoc
777 2763 960 2868 scriptam
980 2779 1035 2838 est
1058 2758 1140 2853 tibi,
1226 2768 1230 2778 “

54 2873 141 2971 qui,
178 2893 427 2968 magnacum
449 2871 624 2974 minaria,
662 2872 822 2948 extricas
844 2867 975 2942 nihii.“
1016 2868 1139 2942 Phae-

52 2975 147 3053 drus
168 2974 240 3084 lib,
257 2974 325 3049 IV.
