2752 4776
181 256 412 362 >aa

89 562 92 571 ,
231 485 479 586 discretionm
507 499 590 561 tum
611 482 650 571 in
672 481 845 585 legendis
861 484 1165 590 usurpandisque
1187 509 1315 560 rerum

231 610 426 697 gestarum
453 590 703 693 scriptoribus
742 590 941 692 singularis
972 617 1064 668 cura
1092 590 1314 681 adhibenda,

232 716 278 774 ut
307 701 479 805 ipsorum
504 722 631 792 mens,
658 698 813 797 ingenia
843 715 882 771 et
899 723 1045 794 mores,
1071 697 1199 777 fontes
1220 698 1316 773 vnde

232 834 301 883 sua
330 805 540 900 hauserint,
569 805 748 899 consilia,
779 829 878 906 quae
901 809 1019 880 secuti
1041 824 1148 898 sunt,
1177 829 1319 906 genus-

234 938 312 1013 que
332 909 543 1005 scribendi,
576 910 772 1014 explorata
796 910 1019 1007 habeamua;
1055 914 1086 986 si
1113 911 1229 987 fidem
1248 911 1319 983 illis

234 1015 446 1096 habendam
463 1034 609 1093 certam
629 1035 745 1117 atque
768 1035 892 1120 tutam
912 1042 994 1094 esse
1016 1017 1189 1094 velimus.
1218 1017 1320 1090 Tan·

235 1144 354 1225 toque
375 1127 492 1226 magis
522 1149 568 1198 ea
586 1148 683 1229 opus
705 1141 776 1217 est,
805 1140 950 1226 quanto
965 1125 1089 1228 major
1110 1142 1166 1198 est
1184 1124 1319 1197 Histo-

234 1233 406 1308 rieorum
433 1254 632 1323 numerus,
667 1231 844 1307 locorum
872 1256 917 1313 ac
942 1249 1160 1336 temporum
1189 1231 1321 1333 diter-

176 1341 178 1344 ’
235 1340 338 1413 sitas.
394 1336 535 1411 Curam
560 1335 656 1411 hanc
683 1338 891 1413 universim
910 1338 1117 1412 Criticam
1147 1335 1318 1416 dicimus.

236 1443 300 1520 Ad
323 1440 436 1545 hujus
456 1443 648 1534 amussim,
674 1445 895 1546 praemissis
916 1445 1135 1521 notionibus
1152 1442 1322 1518 Histori-

237 1549 311 1644 cis,
337 1565 424 1624 sunt
454 1544 533 1654 jam
551 1546 786 1625 Horvatiaua
807 1551 1034 1627 lineamenta
1057 1549 1168 1625 nobis
1187 1547 1321 1624 sedulo

236 1655 431 1760 exigenda.

337 1869 372 1970 ᾗ.
391 1869 454 1945 40.
481 1868 686 1974 scriptoris
708 1868 851 1949 laudati
873 1865 1159 1968 aporov‘apevtioc
1178 1885 1256 1964 est,
1282 1888 1324 1946 ut

126 2057 129 2063 ,
238 1977 405 2054 diximus
417 1976 451 2077 ᾗ
471 1975 525 2052 5.:
549 1975 706 2082 Septem
728 1993 858 2078 gentes
869 1977 1081 2052 cananaeus
1099 1974 1219 2054 fuisse
1233 1977 1326 2052 Phi-

238 2086 405 2176 listaeas3
446 2108 516 2158 seu
549 2082 804 2184 Gergesaeos‚
842 2081 868 2153 J
870 2082 1073 2175 ebusaeos,
1110 2083 1326 2161 cananaeos

240 2209 311 2267 etc.
340 2187 458 2264 fuisse
492 2186 715 2271 Philistiim:
760 2190 801 2271 id
833 2188 966 2290 grandi
1000 2192 1156 2267 omnino
1193 2217 1327 2267 errore

240 2314 408 2374 sumtum
431 2312 488 2370 est
509 2293 559 2394 (ᾗ.
574 2295 639 2393 5.).
668 2294 826 2370 Leviter
845 2313 1017 2372 versatus
1043 2299 1092 2372 sit
1112 2295 1176 2406 ille
1198 2299 1240 2370 in
1256 2323 1328 2374 co-

242 2405 327 2482 dice
351 2427 479 2496 sacro,
506 2404 568 2488 cui
595 2427 675 2478 non
704 2401 864 2494 clareat,
893 2403 1112 2480 cananaeos
1140 2420 1221 2478 tam
1240 2406 1327 2479 ori-

241 2511 350 2614 gine,
386 2535 502 2608 quam
535 2507 643 2601 ioco,
681 2510 932 2609 moribusque
958 2507 1076 2585 fuisse
1110 2509 1329 2593 diversissi-

241 2644 345 2720 mps3
372 2616 480 2716 quod
510 2632 550 2694 et
576 2641 792 2718 cognomen
811 2612 1104 2691 Philistaeorum
1124 2619 1328 2713 Αλλοφιλοι

240 2723 565 2826 etAlienigenae,
593 2723 731 2804 idest:
760 2749 841 2801 non
859 2721 1059 2806 cananaei:
1088 2724 1177 2803 satis
1204 2725 1328 2799 uber-

106 2904 114 2919 ,
239 2833 390 2931 timque
413 2829 554 2932 prodit.
581 2830 843 2929 Diversaeque
862 2834 1166 2932 permanserant3·
1188 2829 1236 2903 ab
1251 2832 1330 2904 im·
1353 2868 1356 2876 ·

270 2940 353 3014 erio
384 2936 580 3031 Romano,
615 2938 810 3011 communi
849 2934 1004 3020 demum
1032 2934 1113 3012 fato
1143 2937 1328 3042 absorpti.

241 2969 278 3148 ξ.
307 3043 461 3123 15-25
490 3059 530 3119 et
558 3040 727 3118 24—29.

338 3255 372 3356 ᾗ.
394 3258 455 3337 41.
484 3257 543 3334 De
566 3253 722 3357 Scythia
752 3271 792 3330 et
817 3250 966 3354 Scythis
998 3255 1109 3358 plura
1138 3274 1226 3331 suut
1245 3260 1331 3331 ani-

240 3361 532 3446 madvertenda:
553 3388 703 3439 -nomen
729 3359 788 3437 his
808 3385 1010 3436 commune
1038 3387 1081 3435 ac
1101 3364 1208 3438 sedes
1234 3363 1332 3438 fixae

244 3471 313 3548 diu
334 3489 414 3546 non
443 3488 568 3562 erant,
596 3468 694 3547 siout
712 3468 885 3560 Graecis,
912 3467 1120 3569 dequibus
1147 3472 1200 3543 ita
1221 3471 1334 3544 Thu-

246 3577 402 3680 cydides
427 3577 492 3652 lib.
522 3585 563 3671 l,
591 3576 713 3652 2-5:
749 3572 932 3666 „Constat
960 3603 1065 3667 eam,
1085 3568 1201 3678 'quae
1227 3602 1334 3650 nunc

245 3685 406 3761 Graecia
423 3683 649 3788 appellatur,
677 3681 771 3755 olim
787 3704 868 3754 non
887 3699 1103 3756 constanter
1125 3682 1336 3758 habitatam

245 3788 362 3870 fuisse
369 3820 380 3887 3
407 3789 474 3864 sed
499 3792 667 3896 primum
693 3783 915 3884 frequentes
936 3787 1016 3862 illic
1042 3787 1158 3865 fuisse
1187 3792 1337 3890 migra-

246 3896 374 3975 tiones
400 3893 517 3972 factas
551 3915 589 3974 et
611 3892 722 3968 facile
750 3918 839 3968 suos
866 3920 1060 3998 quemque
1092 3895 1183 3970 fines
1218 3895 1337 3971 dese-

195 4037 200 4045 ·
249 4006 384 4100 ruisse,
411 4030 563 4109 semper
583 4001 632 4079 ab
646 4000 777 4102 aliquo
797 3998 945 4103 majore
964 4029 1125 4079 numero
1145 4001 1336 4079 coactum.

137 4193 140 4199 ,
249 4107 348 4193 Nam
379 4137 468 4196 eum
498 4110 602 4190 nulla
625 4107 986 4211 esaetuegociatio,
1016 4134 1085 4184 nec
1109 4108 1209 4187 ullus
1234 4110 1339 4207 inter
