2752 4776
1095 374 1167 448 141
1207 392 1215 406 ·

148 563 260 640 fateri
271 527 444 671 cogimur
461 554 738 662 episcopatum,
756 544 822 660 qui
842 561 1227 666 posteaVaradinen·

146 673 197 746 sis
218 658 432 771 appellatus
442 660 584 758 fuerit,
607 664 714 767 prius
736 667 926 764 extitisse,
953 695 1070 771 quam
1086 668 1123 743 S.
1145 669 1236 746 La-.-

144 774 287 850 dislaus
312 798 383 847 rex
394 772 676 845 monasterium
695 770 742 843 in.
758 769 884 846 Varad
912 778 1121 854 excitasset
1149 777 1224 852 Pa·-

142 872 355 956 rumonim
377 901 533 969 moror,
561 876 641 950 sive
659 874 912 974 Bihariensis,
938 883 1018 958 sivo
1046 906 1228 983 quocun·-¹

143 1013 223 1089 que
242 984 421 1076 nomine,
447 980 509 1054 hic
532 981 771 1088 episcopatus
796 986 928 1079 ante'a,
956 1010 1070 1086 quam
1099 987 1227 1081 Varo<

144 1094 280 1169 dinum
308 1087 344 1162 S.
368 1085 563 1162 Ladislaus
593 1088 814 1184 excitasset,
843 1116 967 1192 eoque
987 1093 1117 1169 sedem
1136 1095 1227 1198 epi-

142 1196 254 1300 scopi
275 1194 546 1284 transtulisset,
574 1193 783 1301 appellatus
810 1193 937 1273 fuerit
994 1199 1125 1294 Certe,
1152 1202 1241 1302 qui*
1367 1243 1373 1255 ·

144 1291 403 1395 Morissenus,
427 1299 501 1374 ¹nel
522 1297 752 1376 Morissanus
782 1303 1020 1407 episcopatus
1040 1320 1164 1383 aetate
1185 1305 1223 1379 S.

143 1407 328 1514 Stephani
353 1406 475 1480 dictus
501 1422 576 1500 cst,
609 1422 740 1509 postea
763 1408 1021 1486 Csanadiensis
1042 1412 1224 1513 appellari

141 1517 295 1616 eoepit,
324 1514 417 1612 quin
434 1511 550 1585 alium
564 1531 768 1617 propterea
787 1512 899 1618 hujus
910 1570 922 1609 ,
935 1560 937 1564 ·
949 1517 1011 1594 rel
1030 1516 1133 1591 illius
1148 1545 1226 1594 no-

141 1622 257 1699 minis
280 1623 519 1722 episcopatus
539 1617 797 1716 conditorem,
824 1636 977 1723 praeter
1001 1621 1039 1697 S.
1066 1622 1225 1728 Stepha-

116 1725 120 1730 ’
143 1724 259 1822 num,
285 1749 491 1827 agnoscere
519 1723 759 1802 debeamus.“
781 1725 896 1831 'Hist
912 1729 1033 1805 -cnt
1052 1745 1144 1807 tom.
1163 1730 1222 1808 11.
1240 1789 1244 1798 .

241 2002 282 2112 5)
308 2007 446 2084 Itidem
478 2005 647 2084 Katona:
694 2007 822 2103 „Nihil
859 2007 1098 2103 Bonfinium,
1142 2009 1220 2087 eti-

143 2115 239 2192 amsi
262 2111 599 2219 propheticumilli
621 2115 813 2218 spiritum,
841 2139 919 2221 quo
938 2114 1069 2192 futura
1088 2121 1223 2221 provi-

144 2223 262 2313 derit,
299 2218 361 2292 hic
388 2217 529 2293 tribuat
563 2221 791 2314 Ganoczius,
819 2248 971 2298 moror:
999 2223 1120 2299 miror
1144 2253 1223 2329 po-

103 2334 105 2338 ”
136 2330 220 2403 ¹tius
242 2323 291 2400 ab
309 2323 465 2400 erudito
484 2324 569 2401 viro
595 2324 695 2400 hunc
715 2326 962 2432 interpretem
990 2328 1224 2405 Thuroczia-

141 2458 284 2509 norum
317 2431 507 2504 annalium
530 2427 721 2526 adhiberi,
758 2456 856 2533 quos
891 2433 937 2507 ab
967 2460 1013 2509 eo
1048 2436 1223 2539 plurimis

141 2538 365 2614 commentis
389 2535 505 2612 fuisse
519 2553 746 2640 corruptos,
759 2547 761 2552 ’
775 2536 913 2615 eruditi
931 2536 1077 2615 dudum
1099 2566 1222 2642 agno-

143 2661 296 2720 verunt.
350 2639 436 2718 Hoc
477 2643 564 2719 loco
605 2660 708 2720 certe
740 2646 913 2749 corrupit
947 2643 1222 2725 Thuroczium:

142 2746 324 2826 Pontis
328 2749 438 2822 icis
457 2751 560 2845 enim
595 2747 809 2844 Bonfinius‚
840 2776 921 2827 non
944 2749 1039 2824 item
1067 2749 1223 2830 Thuro-

142 2858 245 2931 ozius
270 2855 454 2930 meminit.
482 2855 592 2928 Hanc
616 2855 733 2954 igitur
751 2883 885 2932 vocem
914 2881 962 2932 ex
987 2883 1058 2934 suo
1090 2856 1224 2934 Bonli-

140 2964 228 3038 nius
253 2962 385 3054 assuit,
411 2957 520 3062 cujus
548 2962 588 3032 in
616 2960 830 3039 Thuroczio
856 2988 927 3037 nec
949 2963 1038 3038 vola
1053 2989 1125 3040 nec
1154 2989 1224 3040 ve-

143 3069 301 3168 stigium
336 3069 526 3143 occurrit:
566 3066 761 3145 Contende
793 3067 910 3145 verba
941 3066 1104 3144 Bonfinii
1135 3097 1224 3149 cum
1351 3136 1355 3143 .

143 3175 315 3250 excitatis
336 3199 450 3276 supra
476 3172 780 3252 Thuroczianis.“
818 3168 927 3250 Hist'
942 3175 1034 3250 Crit.
1056 3192 1147 3254 tom·
1172 3177 1220 3257 ΙΙ.

141 3309 180 3388 p.
209 3280 296 3356 614.
324 3280 431 3384 epist
452 3308 489 3384 p.
516 3281 576 3354 28.

238 3451 270 3553 ᾗ.
293 3455 353 3530 12..
382 3451 590 3529 Ganoczius
609 3452 778 3557 diploma
791 3447 956 3529 Mathiae
968 3450 997 3528 l.
1011 3451 1129 3555 Regis
1147 3454 1221 3529 ad·

140 3560 236 3652 dit,
261 3557 372 3658 quod,
392 3560 443 3632 ita
474 3559 609 3633 recitat
639 3560 753 3658 (Diss.
780 3558 828 3635 de
860 3557 898 3632 S.
926 3558 1050 3636 Ladis.
1072 3589 1108 3665 p.
1139 3559 1221 3659 18.)

142 3665 354 3763 „Mathios‚
382 3664 454 3739 Dei
474 3665 620 3767 gratia,
639 3704 753 3724 --
767 3665 920 3740 -ideo
949 3667 1122 3743 nolentes
1144 3668 1221 3742 Ec-

143 3772 299 3848 clesiam
318 3769 615 3846 Varadinensem
635 3771 687 3848 ob
707 3769 894 3848 honorem
913 3787 952 3848 et
965 3773 1221 3850 reverentiam

141 3879 365 3954 sanctissimi
410 3876 511 3979 regis
544 3876 733 3970 Ladislai,
770 3878 943 3981 specialis
968 3875 1080 3978 hujus
1111 3879 1220 3979 regni

142 3985 270 4060 nostri
294 3985 471 4079 Patroni,
499 3985 565 4083 qui
592 3981 697 4081 ejus
724 3985 959 4060 ecclesiae
985 3981 1221 4059 fundator

142 4109 195 4174 et
221 4089 451 4168 certissimus
471 4105 473 4111 “
490 4091 591 4195 apud
614 4090 740 4168 Deum
759 4117 831 4196 pro
856 4090 968 4168 nobis
992 4090 1222 4211 intercessor
