2752 4776
203 338 275 413 128

142 534 190 611 rii
205 533 242 611 S.
261 534 527 638 Margarethae
547 533 595 610 de
606 532 751 610 Meszes
761 526 947 610 &noeais
965 534 1259 637 interepisom-

128 652 215 745 ‘pos
243 661 496 737 memoratus3
524 640 709 743 Magister
733 642 899 744 capellae
930 642 1060 743 regiae
1085 669 1259 746 perpe-

142 776 226 824 ram
249 746 428 824 habetur:
466 750 499 823 is
528 750 630 823 enim
654 747 730 822 fuit
754 745 913 824 Sudas
935 751 1117 842 nomine,
1158 765 1259 829 etc⁴

144 852 192 929 V.
223 855 265 928 in
285 854 427 933 Codice
455 855 722 960 Diplomatico.

237 1049 271 1150 ᾗ.
299 1050 361 1124 42.
390 1049 496 1127 Haec
521 1051 615 1127 mihi
640 1048 795 1128 videtur
823 1051 1074 1156 Episcopatus
1103 1051 1235 1128 Nitri-

142 1159 240 1235 ensis
263 1157 427 1233 alterum
456 1156 657 1233 restaurati
684 1159 794 1259 origo
821 1160 1009 1260 genuina,
1038 1160 1227 1264 diploma-

143 1263 263 1358 tibus,
293 1289 338 1338 ac
358 1263 473 1340 rebus
493 1261 608 1357 facti,
635 1264 816 1357 subnixa,
843 1267 998 1369 ipsique
1018 1268 1137 1368 genio
1155 1267 1218 1343 Co·

141 1371 308 1446 lemanni
344 1371 468 1472 regis,
514 1371 583 1472 qui
614 1371 653 1443 in
688 1370 862 1447 dotandis
890 1373 1060 1446 ecclesiis
1094 1398 1217 1478 parcus

140 1474 268 1553 fuerat
286 1475 505 1570 admodum,
530 1493 800 1570 consentanea3
817 1477 905 1553 hinc
925 1478 1040 1552 etiam
1052 1475 1165 1555 facile
1178 1479 1214 1552 li-

141 1583 255 1659 mites
275 1584 464 1687 complexi
484 1581 736 1676 Dioeceseos',
758 1609 802 1659 ac
819 1581 925 1688 quod
942 1587 1148 1689 episcopus
1158 1584 1215 1658 Ni-

141 1690 293 1766 ariensis
318 1687 367 1763 ad
392 1689 587 1790 Augustae
616 1715 737 1792 usque
769 1689 822 1770 M.
846 1688 1054 1766 Theresiae
1075 1710 1214 1798 tempo-

141 1823 205 1889 ra,
234 1821 304 1898 per
330 1798 379 1871 A.
406 1797 624 1873 Dioecesim
652 1795 953 1897 Strigonienaem
973 1800 1135 1874 transire
1158 1797 1214 1873 de-

142 1901 273 1981 buerit
296 1901 502 1980 dioecesim
527 1927 635 1979 suam
660 1903 840 1980 canonice
879 1904 1122 1997 visitaturus,
1147 1921 1213 1979 tum

142 2009 215 2083 alia
228 2009 477 2114 explicantur.
500 2009 578 2098 Qui
595 2011 760 2086 certiora
777 2036 847 2086 nos
863 2008 1072 2106 edocuerit,
1091 2009 1139 2088 de
1160 2035 1213 2086 re-

142 2116 214 2193 bus
230 2117 375 2222 ‘patriis
394 2118 539 2223 optime
559 2114 731 2220 profecto
755 2115 982 2194 merebitur.
1001 2152 1005 2161 ·
