2752 4776
301 361 372 434 118

245 561 404 635 letata
435 553 684 678 procedit.
740 550 931 627 Deinde
920 578 962 624 m
989 579 1033 628 ea
1066 567 1197 654 parte,
1234 574 1314 649 quac

146 665 148 669 ’
244 661 446 740 meridiem
468 660 641 762 respicit,
669 655 839 733 addita
865 660 1074 758 regione
1096 657 1315 750 Moravia,

247 794 408 868 usque
433 765 489 840 ad
513 765 752 856 fluvium,
781 765 875 836 cui
894 790 1066 839 nomen
1097 780 1175 838 est
1200 762 1319 860 Wag,

248 872 389 951 etad
425 872 626 947 mediam
673 872 891 993 sylvam,
930 866 1009 945 cui
1045 897 1223 946 nomen
1259 882 1318 942 est

250 981 410 1073 Mur,e
439 995 478 1053 et
510 975 682 1081 ejusdem
713 978 854 1051 montis
880 976 1011 1052 eadem
1042 975 1232 1081 parochia·
1243 990 1319 1047 ten-
1365 1071 1367 1079 .

247 1087 322 1180 dit,
365 1110 439 1185 qua
461 1085 618 1156 Bavaria
655 1084 849 1156 limitatur.
908 1081 1169 1157 Mediantibus
1204 1083 1320 1178 itaque

248 1192 358 1268 nobis
390 1209 429 1267 et
454 1191 644 1264 communi
672 1189 890 1287 Principum
922 1190 1112 1291 aspirante
1138 1187 1320 1285 suffragio,

249 1315 401 1416 pactum
427 1311 496 1388 est,
523 1311 565 1368 ut
586 1297 674 1368 Dux
694 1293 896 1370 Bobeniae
920 1293 1165 1386 Wratislaus,
1193 1310 1234 1369 et
1257 1291 1321 1365 sra-

247 1422 307 1479 ter
331 1400 412 1502 ejus
434 1400 650 1494 Conr,adus
679 1400 895 1503 supradicto
925 1401 1105 1501 Pragensi
1129 1401 1321 1524 Episcopo,

211 1559 212 1562 =
247 1508 355 1582 fratri
390 1533 482 1598 sue,
520 1457 735 1609 parocbiam
765 1505 963 1608 judiciario
994 1506 1151 1582 01dine
1165 1505 1321 1606 requisi-

247 1632 337 1707 tam,
360 1640 409 1688 ex
431 1615 579 1713 integro
602 1611 920 1717 reprofiterentur
943 1628 981 1686 et
995 1612 1213 1689 redderent
1244 1612 1324 1684 Pro·

247 1720 336 1795 inde
377 1743 447 1793 nos
483 1736 618 1819 rogatu
657 1716 828 1821 ejusdem
857 1720 1023 1822 episcopi
1058 1719 1324 1792 rationabiliter

249 1824 419 1918 inducti,
459 1825 659 1925 Pragensis
689 1826 938 1926 Episcopatus
973 1824 1333 1923 redintegrationem

199 1981 201 1985 >
250 1950 404 2006 nostrae
428 1932 638 2033 imperialis
672 1932 907 2005 auctoritatis
938 1930 1062 2005 edicto
1088 1931 1143 2002 illi
1178 1957 1222 2004 ac
1246 1953 1325 2002 suc-

252 2037 464 2112 cessoribus
489 2036 570 2139 ejus
593 2035 859 2109 confirmamus
882 2053 921 2110 et
945 2037 1181 2129 stabilimus,
1210 2037 1326 2110 invio-

252 2141 420 2218 labiliter
452 2141 721 2233 decernentes,
768 2169 815 2216 ne
853 2142 928 2216 ulla
965 2158 1052 2244 post
1086 2139 1179 2217 baec
1203 2139 1327 2216 condi-

253 2252 369 2332 tionis
406 2273 586 2349 persona,
622 2247 682 2320 vel
719 2246 796 2320 ulla
828 2252 989 2323 societas
1021 2247 1219 2322 hominum
1241 2247 1328 2319 Pra-

252 2380 356 2456 gensi
348 2353 565 2428 Ecclesiae
593 2344 797 2455 quicquam
823 2358 880 2426 sui
914 2353 1010 2456 juris
1035 2356 1074 2427 in
1104 2352 1341 2457 praenotatis·

250 2460 423 2534 terminis
458 2459 623 2534 alienare
663 2475 888 2563 praesumat.
945 2459 1061 2562 Cujus
1094 2461 1329 2561 1edintegra-

252 2569 366 2640 tionis
396 2582 435 2640 et
466 2565 764 2641 confirmationis
798 2569 1000 2658 autoritas,
1037 2582 1080 2639 ut
1113 2568 1219 2641 omni
1244 2591 1329 2640 aevo

254 2673 399 2747 stabilis
426 2688 464 2745 et
488 2673 710 2748 inconcussa
731 2691 964 2774 permaneat,
993 2671 1088 2745 hanc
1110 2688 1254 2746 cartam
1275 2673 1330 2743 in-

251 2777 297 2852 de
345 2779 553 2870 conscribi,
590 2807 704 2880 quam
739 2776 863 2872 (sicut
894 2777 990 2850 infra
1020 2782 1194 2882 apparet)
1223 2803 1331 2851 manu

253 2887 410 2985 propria
430 2884 646 2958 laborantes
665 2887 915 2983 impressione
935 2885 1030 2984 signi
1052 2886 1196 2976 nostri,
1224 2883 1333 2985 jussi-

253 3017 336 3062 mus
366 2991 548 3087 insigniri.
600 2992 696 3062 Data
726 2989 793 3059 ΙΙΙ.
828 2989 977 3063 Calend.
1003 2988 1096 3092 Maji
1130 2990 1202 3062 Au.
1226 2991 1332 3065 Dom.

254 3093 443 3168 Incarnat.
476 3093 739 3168 MLXXXVI.
765 3093 977 3169 Indictione
1007 3096 1074 3168 IX.
1120 3097 1235 3170 Anno
1266 3122 1332 3169 au·

256 3219 332 3273 tem
355 3200 508 3272 Domini
529 3199 718 3293 Heinrici,
755 3202 861 3301 regni
887 3201 1043 3303 quidem
1069 3201 1235 3275 XXXII.
1260 3205 1335 3277 lm-

258 3307 357 3408 perii
376 3331 468 3380 vero
487 3305 555 3379 ΙΙΙ.

364 3454 522 3557 Signum
552 3457 705 3530 Domini
737 3442 906 3529 Heinriei
938 3456 1041 3530 tertii
1071 3456 1335 3534 Romanorum

258 3563 506 3686 Imperatoris
532 3563 717 3662 Augusti,
755 3560 860 3662 quod
889 3587 978 3687 ego·
992 3560 1104 3635 vidi
1093 3589 1222 3666 ipsum
1244 3566 1337 3641 Cae-

258 3696 382 3744 sarem
396 3671 474 3740 suis
497 3666 670 3741 manibus
693 3684 949 3761 annotantem,
967 3670 1007 3740 in
1029 3668 1233 3772 privilegio
1251 3672 1339 3743 Pra-

261 3777 385 3880 gensis
404 3774 651 3875 Episcopatus
680 3772 1015 3874 (Monogtamma).
1052 3775 1109 3847 Ita
1131 3777 1290 3852 Cosmas
1314 3779 1337 3851 l

254 3906 291 3973 ,e
317 3909 353 3984 p.
381 3877 652 3953 2057-2060.

340 4053 372 4148 b
400 4053 460 4127 54.
505 4050 608 4125 Haec
632 4050 768 4124 reunio
761 4007 897 4124 *ultra
917 4078 1035 4127 annos
1055 4069 1223 4154 quatuor
1241 4053 1339 4130 haud

258 4158 444 4265 perstitit:
484 4183 583 4233 anno
621 4155 718 4231 1090
746 4156 798 4232 W
798 4156 993 4253 ratislaus,
1025 4155 1236 4250 Bohemiae
1259 4187 1339 4254 rex,
