2752 4776
317 365 393 444 116

352 561 386 662 ξ.
416 561 477 637 55.
517 559 749 655 Jaromirus,
777 557 975 635 Wratislai
1001 559 1210 639 Bohemiae
1236 565 1354 666 regit

254 667 373 745 frater
391 669 579 764 uterinus,
594 667 970 772 Archiepiscopatum
991 669 1240 771 Pragensem,
1261 671 1326 745 hu-

254 776 392 882 jusque
419 775 746 850 confirmationem
770 776 810 846 iu
844 776 993 872 synodo
1027 778 1133 877 regia
1167 776 1327 878 Mogon-

254 883 331 958 tina
353 881 533 983 adeptus,
568 896 733 976 assumto
767 879 952 955 Gerhardi
977 885 1153 975 nomine,
1182 908 1327 986 separa·

254 989 397 1065 tionem
429 987 524 1062 hanc
550 989 761 1089 aegerrime
786 986 896 1060 tulit:
935 1013 978 1061 ae
1002 989 1149 1063 Joanne
1174 990 1327 1065 Oiomu·

251 1096 355 1172 censi
374 1092 567 1188 defuncto,
587 1110 631 1168 ut
654 1094 747 1167 unio
770 1092 1065 1194 redintegretur,
1086 1112 1170 1168 tum
1190 1080 1326 1170 Romae

248 1227 335 1277 oum
364 1202 480 1276 etiam
507 1202 547 1273 in
579 1199 677 1273 Auia
706 1200 918 1303 imperiali,
945 1202 1024 1301 egit
1037 1214 1060 1294 3-
1075 1201 1324 1305 obtinuitque.

248 1303 698 1407 Machinationesipsius
726 1304 881 1380 Cosmas
911 1301 1113 1407 Pragensis
1142 1304 1325 1412 amplissi-

172 1456 178 1468 ·
246 1439 307 1488 me
326 1411 549 1513 descripsit:
595 1411 665 1505 „In
695 1412 896 1504 Concilio,
926 1413 1072 1512 inquit,
1102 1413 1324 1515 Mogentino

245 1518 444 1620 Pragensis
473 1518 631 1593 Praesul
657 1516 824 1591 Jaromir
859 1519 1000 1621 scripta
1036 1544 1126 1592 suae
1153 1521 1324 1620 antiquae

244 1625 507 1724 querimoniae
530 1639 788 1728 repraesentat
808 1622 856 1696 de
879 1622 1107 1700 Manavieusi
1129 1629 1324 1730 Episcopo,

239 1730 387 1806 Joanne
419 1747 778 1833 supramemorato.
808 1731 882 1818 Qui
902 1733 1076 1830 quamvis
1104 1733 1243 1807 eodem
1265 1759 1325 1804 an·

237 1864 288 1915 no
322 1837 397 1936 jam
428 1838 475 1911 ab
509 1837 581 1912 hoo
612 1837 739 1913 seculo
775 1837 1027 1936 migraverat,
1066 1855 1196 1913 tamen
1220 1837 1322 1913 valde

239 1969 469 2046 praecavens
490 1941 714 2018 infuturum
723 1941 940 2047 praedictus
959 1944 1115 2019 Praesui
1130 1999 1142 2037 ,
1160 1961 1201 2019 et
1217 1969 1322 2048 agens

236 2078 307 2156 per
329 2054 468 2123 amicos
495 2051 619 2152 pulsat
635 2067 746 2124 aures
763 2050 952 2142 Caesaris,
974 2074 1023 2123 ne
1041 2051 1184 2124 iterum
1206 2053 1247 2125 in
1261 2077 1323 2127 eo-

235 2155 324 2230 dem
342 2156 432 2229 ioeo
453 2155 550 2230 alter
572 2156 803 2256 subrogetur
821 2156 1033 2256 episeopus.
1054 2198 1107 2214 —
1137 2150 1199 2230 Ad
1221 2156 1321 2260 eujus

237 2262 517 2362 querimoniam
541 2288 746 2336 —novum
768 2263 927 2360 antiquo
961 2259 1062 2337 fere
1097 2260 1317 2365 ejusdem

217 2370 441 2442 ‚tenoris
472 2366 575 2441 addit
602 2367 871 2471 privilegium,
921 2385 960 2442 et
991 2370 1103 2469 signo
1133 2370 1318 2473 imperiali

239 2471 456 2564 coufirmat,
486 2491 530 2548 ut
549 2478 589 2547 in
608 2474 856 2574 sequentibus
873 2475 1030 2577 patebit.
1053 2476 1179 2578 >Cujus
1206 2478 1321 2580 privi-

239 2577 328 2680 legii
352 2571 533 2671 formam,
554 2583 584 2652 si
607 2579 695 2653 huic
714 2580 822 2684 operi
845 2597 979 2654 nostro
1000 2583 1232 2674 inseramus,
1251 2607 1320 2656 non

216 2680 476 2805 rsuperfluum
500 2683 859 2761 fore'existimamus
867 2713 878 2782 3
905 2689 1078 2761 continet
1100 2690 1206 2764 enim
1227 2687 1322 2762 hune

216 2807 410 2885 *textum

344 3003 414 3094 „In
438 3003 594 3077 nomine
616 3001 780 3079 'Sanctae
799 3018 838 3107 et
859 3004 1075 3100 individuae
1105 3002 1320 3104 Trinitatis,

241 3111 445 3186 Heinricus
474 3108 628 3201 tertius,
660 3107 788 3184 divina
816 3109 968 3186 fauente
1001 3116 1222 3210 clementia,
1251 3117 1323 3190 lio-

241 3240 445 3292 manorum
471 3217 686 3319 Imperator
718 3217 920 3319 Augustus.
958 3217 1079 3322 Regio
1109 3225 1259 3298 nomini
1287 3238 1323 3298 et

125 3318 128 3322 ⁴
243 3323 518 3423 Imperatoriae
539 3322 713 3422 dignitati
735 3349 947 3426 congruere
967 3328 1166 3421 novimus,
1194 3347 1239 3402 ut
1261 3336 1335 3404 ee·'

245 3430 444 3526 elesiarum
458 3429 531 3503 Dei
554 3428 785 3504 utilitatibus
814 3431 957 3530 ubique
986 3432 1230 3535 opitulantes,
1256 3433 1323 3508 da-

244 3565 334 3613 mna
359 3551 399 3609 et
428 3534 588 3636 injurias
613 3559 762 3629 earum,
802 3562 1030 3639 quacunque
1058 3557 1214 3639 neeesse
1238 3540 1324 3616 fue-

243 3645 313 3736 rit,
343 3644 621 3746 propulsemus.
657 3641 902 3746 Quapropter
928 3647 1112 3722 universis
1131 3649 1222 3742 Dei,
1251 3674 1323 3723 no·

228 3752 391 3850 'strique
417 3749 526 3851 regni
547 3745 744 3844 fidelibus,
769 3767 844 3822 tam
870 3747 1032 3846 futuris,
1061 3776 1176 3853 quam
1234 3764 1323 3825 ra'e-

244 3855 432 3947 sentibus,
470 3871 605 3929 notum
648 3880 727 3930 esse
765 3858 962 3949 volumus,
1000 3860 1165 3960 qualiter
1202 3783 1322 3934 ddetis

239 3979 371 4035 noster
392 3961 589 4063 Pragensis
601 3963 811 4065 Episcopus
831 3960 1065 4057 Gebhardus,
1093 3990 1206 4069 saepe
1232 3990 1322 4041 eon·

117 4076 125 4092 '
238 4065 422 4144 fratribus
448 4068 524 4140 suis
548 4082 588 4141 et
606 4056 866 4171 Coepiscopis,
895 4073 1117 4173 ceterisque
1128 4071 1322 4178 Principi-

238 4171 310 4251 bus
333 4174 493 4268 nostris,
530 4197 574 4249 ao
604 4175 809 4252 novissime
845 4173 955 4252 nobis
977 4195 1210 4281 conquestus
1239 4170 1319 4270 ’θεὴ
1361 4258 1365 4269 ,
