2752 4776
309 307 358 383 40

249 499 405 579 larrime
436 499 483 575 ad
503 500 716 603 Alyattem,
744 498 934 603 Sadyattls
961 501 1105 595 lilium,
1133 500 1272 581 Sardes
1295 532 1333 582 se

247 610 503 688 contulerunt.
534 610 640 698 Quos
658 607 796 685 deinde
818 610 1005 716 repetenti
1025 605 1200 710 Cyaxari,
1231 611 1333 714 quod

247 713 418 816 Alyattes
448 715 609 792 reddere
645 716 849 809 abnuerat,
886 715 1031 793 bellum
1060 717 1164 793 inter
1190 715 1331 819 Lydos,

247 817 462 928 Medosque
485 822 768 922 quinquennale
794 821 1001 907 conflatum
1025 825 1116 897 est.“
1143 863 1198 884 -
1235 823 1333 899 Ter-

246 928 341 1005 tiam
357 928 525 1002 J'ustinus
548 926 719 1032 prodidit
742 928 781 1032 (l.
802 929 848 1011 ΙΙ.
868 954 899 1002 c.
919 928 987 1027 4.):
1017 926 1154 1033 „Apud
1177 928 1331 1031 Scythas

246 1033 375 1114 medio
405 1052 576 1146 tempore
610 1032 716 1138 (ipsis
751 1059 867 1110 annos
892 1033 1111 1138 quindecim
1141 1036 1330 1140 pacandae

245 1141 360 1222 Asiae
385 1136 693 1240 immorantibus)
714 1141 791 1217 duo
811 1142 908 1243 regii
931 1141 1110 1234 iuvenes,
1127 1139 1270 1220 Ylinos
1295 1163 1332 1220 et

124 1297 128 1303 ·
245 1245 438 1340 Scolinos,
476 1272 547 1350 per
581 1243 788 1322 factionem
807 1246 1042 1351 Optimatum
1070 1246 1188 1335 domo
1220 1251 1331 1354 pulsi,

244 1348 440 1453 ingentem
460 1348 700 1455 juventutem
712 1380 840 1429 secum
851 1371 1016 1448 traxer03
1039 1372 1096 1430 ast
1116 1354 1156 1430 hi
1180 1359 1221 1427 in
1231 1358 1332 1459 Cap-

241 1461 426 1568 padociae
451 1484 519 1532 ora
542 1457 648 1560 juxta
670 1486 819 1535 amnem
835 1458 1120 1538 Thermodonta
1145 1463 1331 1539 consede-

243 1582 354 1660 runt,
381 1559 652 1665 subjectosque
670 1563 949 1670 Themiscyrios
978 1593 1136 1671 campos.
1164 1566 1330 1674 occupass

242 1698 347 1748 vere.
375 1673 433 1749 lbi
450 1698 522 1775 per
541 1670 683 1747 multos
698 1697 814 1749 annos
826 1672 990 1776 spoliare
1004 1672 1184 1751 finitimos
1197 1678 1328 1770 asueti,

236 1778 524 1883 conspiratione
547 1778 783 1885 populorum
815 1806 885 1884 per
907 1772 1062 1855 in'sidias
1096 1801 1182 1857 suut
1204 1785 1327 1857 truci-

243 1882 360 1965 dati.“
397 1884 538 1966 Omnes
569 1885 638 1966 hae
670 1886 899 1963 secessiones
914 1882 961 1963 'et
986 1881 1161 1992 tempore
1180 1906 1220 1964 et
1241 1889 1328 1964 loco

176 2078 179 2083 q
241 2019 263 2064 a
290 1990 472 2088 Parthicis
513 2009 707 2067 remotae.
729 1991 777 2066 ad
806 1990 965 2092 Scythas
996 1992 1201 2088 Aratores,
1249 1997 1328 2071 sive

200 2119 209 2133 ⁸
244 2097 444 2197 Georgius,
462 2123 542 2171 non
555 2095 795 2202 pertinebant
802 2126 812 2191 3
831 2100 991 2174 similius
1010 2103 1125 2204 proin
1143 2128 1236 2177 vero
1259 2119 1328 2194 est,

242 2200 404 2278 Parthos
420 2201 649 2303 Scytharum
670 2203 907 2299 Nomadum,
936 2206 1004 2304 qui
1027 2207 1067 2278 in
1087 2207 1175 2283 Asia
1199 2226 1328 2285 ortum

239 2335 373 2385 versus
405 2308 614 2411 agitabant,
641 2324 745 2386 vasta
774 2311 985 2387 solitudine
1008 2313 1222 2407 mediante,
1263 2341 1327 2391 se-

132 2437 136 2443 ·
241 2440 377 2527 greges
398 2413 529 2523 luisse,
562 2414 616 2499 Cf.
640 2414 867 2499 Strabonem
890 2417 955 2496 lib.
978 2417 1104 2548 XLp.
1129 2420 1218 2497 511.

337 2635 371 2736 ᾗ.
397 2637 467 2712 58.’
501 2633 696 2739 Quidquid
722 2632 858 2710 horum
888 2638 955 2728 sit,
991 2661 1052 2710 res
1080 2636 1325 2735 Parthorum,

240 2745 431 2851 principio
452 2745 582 2837 exileS,
610 2741 838 2849 amplissime
861 2742 1079 2838 increvisse,
1107 2742 1228 2820 refert
1250 2746 1325 2820 Ju-

241 2853 361 2926 stinus
381 2851 446 2926 lib.
464 2849 565 2923 XLI.
588 2877 667 2956 cap.
689 2851 717 2923 1.
746 2846 917 2943 ,JParthi,
946 2874 1063 2952 penes
1084 2875 1194 2950 quos,
1218 2855 1326 2928 velut
1355 2929 1359 2938 ,

240 2957 424 3032 divisione
458 2957 562 3033 orbis
590 2982 678 3031 cum
694 2954 876 3031 Romanis
901 2953 1013 3048 facta,
1041 2982 1142 3031 nunc
1162 2962 1323 3043 orientis

239 3064 448 3166 Imperium
472 3080 600 3156 est-
614 3078 653 3138 et
666 3060 917 3163 ¹Assyriorum
938 3079 976 3137 et
996 3061 1201 3140 Medorum
1221 3083 1324 3144 tem·

237 3170 410 3283 poribuS,
437 3171 540 3244 inter
559 3169 716 3243 orientis
738 3170 921 3273 populos,
949 3169 1207 3247 obscurissimi
1229 3172 1335 3250 fue*-

238 3303 292 3354 re.
328 3276 464 3351 Postea
495 3299 672 3378 quoque,
719 3299 839 3374 quum
873 3277 1078 3379 imperium
1103 3276 1271 3356 Orientis
1301 3311 1322 3354 a

238 3380 363 3457 Medis
387 3382 434 3456 ad
450 3382 582 3457 Persas
604 3380 825 3458 translatum
848 3399 917 3479 est,
935 3383 1054 3485 veluti
1076 3384 1215 3488 vulgus
1237 3388 1321 3462 sine

235 3491 403 3586 nomine,
430 3489 572 3595 praeda
592 3488 795 3581 victorum,
816 3483 936 3566 fuere.
966 3490 1163 3567 Postremo
1184 3489 1323 3568 Mace-

166 3595 168 3599 ’
236 3595 417 3689 donibus,
448 3592 678 3707 triumphato
700 3597 864 3688 oriente,
893 3596 1123 3690 servierunt3
1155 3615 1199 3674 vt
1231 3594 1363 3703 ffli't

233 3707 292 3780 vis
313 3703 456 3796 mirum
477 3701 662 3794 videatur,
682 3700 728 3774 ad
751 3716 894 3777 tantam
915 3728 980 3777 eos
1003 3699 1226 3782 felicitatem
1246 3732 1322 3812 per

233 3812 417 3884 virtutem
438 3826 609 3903 evectos,
637 3823 681 3882 ut
701 3809 891 3913 imperent
909 3808 1096 3910 gentibus,
1123 3811 1194 3886 sub
1217 3837 1323 3913 qua-

177 3915 197 3919 ”
233 3940 321 3993 rum
342 3918 505 4023 imperio
526 3914 647 4005 veluti
670 3916 808 3990 servile
837 3915 974 4016 vulgus
998 3913 1119 3992 fuere.
1174 3917 1321 3996 ARo-

177 4083 180 4090 .
234 4023 355 4098 manis
385 4049 542 4125 quoque
580 4014 686 4095 trinis
714 4019 832 4096 bellis
862 4047 933 4124 per
959 4024 1145 4098 maximos
1175 4022 1321 4120 Duces,

128 4154 133 4165 ’
233 4126 512 4207 florentissimis
537 4122 787 4232 temporibus,
809 4125 993 4225 lacessiti,
1020 4129 1091 4206 soli
1114 4155 1162 4206 ex
1185 4135 1322 4209 omni-
