2752 4776
194 561 334 650 Pingvia'
346 563 486 628 Larissae
506 559 645 626 ducebat
665 559 752 624 calta
775 571 921 632 tenentes
938 636 942 645 ,

193 669 407 755 Hypothous,
428 666 533 732 hastas
553 665 664 730 soiitos
687 678 825 735 tractare
845 671 1004 760 Pelasgos:
1144 706 1146 711 ·

65 781 278 864 Anticlides
303 782 446 886 primos
456 779 630 880 Pelasgos
653 774 801 856 Lemno
826 783 1001 864 etlmbro
1023 788 1147 868 vicina

65 887 294 981 condidisse,
308 885 460 960 scribit:
486 885 669 985 quosdam
682 913 817 963 eorum
835 915 924 966 oum
934 891 1150 1019 Tyrrheno,

64 993 167 1096 Atys
186 992 291 1089 lilio,
313 993 353 1066 in
372 992 517 1068 Italiam
537 993 769 1094 navigasse·“
790 992 928 1073 Strabo
941 998 1017 1074 lib.
1037 1001 1084 1076 V.
1108 1034 1146 1110 p.

22 1131 24 1135 ·
67 1102 160 1181 221.
188 1099 318 1197 „Olim
336 1097 440 1203 Arga
461 1098 736 1203 usurpabatur,
761 1126 860 1202 quae
883 1129 985 1179 nunc
1008 1107 1150 1206 Caeret

65 1208 270 1310 ferturque
303 1205 454 1283 condita
478 1235 500 1281 a
519 1204 702 1306 Pelasgis,
730 1210 798 1307 qui
821 1233 843 1282 e
863 1204 1058 1288 Thessalia
1077 1244 1146 1291 ve-

66 1316 235 1392 nerunt“
257 1312 281 1388 l.
303 1338 335 1388 c.
360 1342 396 1418 p.
409 1314 496 1387 220.
525 1310 732 1387 Confirmat
752 1312 894 1392 Plinius
916 1316 1149 1398 l.·111.·.-v111.
1207 1405 1209 1408 ,

67 1421 246 1517 „Etruria
279 1420 326 1495 ab
355 1447 465 1496 amne
485 1416 633 1512 Macra,
660 1422 815 1495 mutatis
841 1450 953 1529 saepe
974 1429 1150 1502 nomini·

66 1529 159 1604 bus:
189 1524 356 1600 Umbros
376 1522 465 1602 inde
480 1536 652 1626 'exegere
677 1528 885 1625 antiquitus
909 1530 1074 1636 Pelasgi3
1095 1570 1151 1598 ⁴-
1238 1516 1246 1544 '

65 1636 165 1710 Cere
186 1634 288 1711 intus
309 1630 353 1707 M
375 1656 527 1732 passum
542 1647 726 1730 quatuor,
747 1633 884 1735 Agylla
904 1665 926 1713 a
945 1635 1149 1743 Pelasgicis

65 1736 332 1816 conditoribus
354 1735 536 1810 dictum.“
556 1773 610 1791 -
631 1736 896 1839 Pelasgorum,
919 1741 1148 1849 Peloponesi

64 1845 225 1946 regione
266 1867 531 1944 egressorum,
564 1838 784 1942 Jonumque
819 1844 1047 1942 dictorum,¹
1062 1876 1151 1924 me.

65 1952 181 2047 minit
203 1946 439 2025 Herodotus:
471 1945 635 2042 „Jones,
669 1949 736 2048 qui
772 1949 954 2050 quamdiu
973 1952 1014 2029 in
1032 1953 1149 2032 Pelo-

94 2083 215 2135 oneso
237 2055 446 2156 regionem,
464 2077 563 2154 quae
583 2069 741 2130 vocatur
755 2056 1016 2154 nuneAchaia,
1035 2061 1150 2139 inco-

66 2089 240 2256 luerunt,
277 2177 317 2237 et
346 2177 434 2236 ante
470 2159 676 2235 adrentum
700 2158 820 2237 Danai
850 2181 890 2240 et
919 2164 1042 2259 Xuthi
1072 2168 1174 2269 lje?
1211 2193 1241 2250 ρ

64 2272 315 2377 loponesum,
347 2283 392 2341 ut
417 2264 552 2342 Graeci
586 2265 711 2360 aiunt,
747 2269 979 2346 vocabantur
1001 2273 1146 2377 Pelasgi

64 2377 259 2481 Aegialos,
281 2371 471 2465 litorales,
507 2363 576 2446 sed
604 2368 651 2446 ab
668 2372 784 2468 lone,
807 2375 928 2467 Xuthi
950 2375 1059 2474 lilio,
1076 2381 1151 2469 ta·-

65 2512 132 2561 nes
162 2499 251 2563 sunt
281 2477 472 2586 appellati.
510 2477 676 2561 insulani
698 2519 752 2536 -
784 2496 824 2557 et
850 2481 934 2588 ipsa
953 2483 1150 2588 ‚Pelasgica

64 2614 179 2692 gens,
198 2576 282 2664 'sed
317 2592 410 2661 mox
430 2583 563 2658 Jouica
587 2583 637 2660 ob
662 2582 819 2660 eandem
843 2594 1032 2666 causam.“
1059 2591 1146 2668 Lib.

66 2698 152 2773 VII.
170 2695 234 2770 94.
273 2692 453 2770 Meminit
483 2689 599 2765 etiam
618 2688 863 2793 Pelasgorum
880 2693 1039 2772 Athenis
1072 2701 1137 2774 eli-

64 2805 317 2880 minatorum:
356 2794 544 2896 „Pelasgi,
578 2814 831 2900 posteaquam
863 2825 912 2874 ex
939 2801 1065 2877 Attica
1097 2800 1170 2879 ab¹

62 2904 365 2987 Atheniensibus
387 2901 507 2979 exacti
530 2917 637 2999 sunt,
661 2904 741 2978 sive
763 2903 869 3006 jure,
902 2907 981 2983 sive
1004 2908 1145 3012 injuria

59 3044 116 3074 -ι-
139 3018 266 3092 solum
286 3025 501 3102 vertentes,
529 3026 613 3108 tum
633 3009 708 3084 alia
728 3011 825 3105 loca,
850 3029 933 3088 tum
952 3040 1045 3093 vero
1066 3015 1147 3093 Le-

62 3148 196 3197 mnum
219 3117 504 3196 obtinuerunt.“
542 3112 629 3191 Lib.
651 3114 718 3193 VI.
750 3117 971 3199 134—138.
997 3121 1055 3197 Cf.
1075 3122 1142 3200 lib.
1162 3170 1165 3175 ·

63 3219 570 3308 v.26.Vt156.V1.42.

157 3435 191 3539 ᾗ.
217 3436 279 3514 55.
304 3434 449 3537 Pelasgi
476 3430 606 3536 lingua
631 3432 839 3509 utebantur
889 3437 1037 3543 ropria,
1060 3438 1139 3519 non

58 3566 217 3649 graeca,
236 3541 400 3618 barbara
427 3539 516 3618 ideo
535 3538 658 3634 dicta3
691 3537 821 3616 literas
840 3463 888 3619 ab
910 3544 1002 3649 ipsis
1019 3549 1142 3624 tradi·

58 3671 134 3746 tas,
159 3666 291 3756 postea
313 3650 447 3740 etiam,
473 3671 594 3747 quum
614 3660 802 3739 extorres,
825 3666 891 3723 aut
914 3652 1055 3728 subditi
1077 3651 1140 3724 fa-

57 3760 112 3834 cti
138 3775 245 3849 sunt,
270 3767 559 3849 conservarunt,
586 3752 755 3853 linguam
774 3770 902 3830 autem
922 3783 1027 3833 suam
1048 3758 1142 3859 ipsis

56 3861 277 3941 indiderant
297 3861 452 3962 Graeci:
480 3852 651 3961 „Pelasgi
673 3858 878 3934 utebantur
897 3861 1026 3964 lingua
1047 3862 1141 3944 bar÷

59 3969 173 4066 bara3
190 3992 249 4029 ’-
271 3967 477 4045 Hellenum
506 3964 675 4068 linguam
704 3963 976 4042 addidicerunt.
1015 3968 1139 4059 Quam

58 4079 213 4182 linguae
232 4074 393 4178 figuram
423 4073 633 4153 intulerunt
655 4071 694 4144 in
718 4068 812 4146 haec
832 4073 915 4146 loca
939 4090 1140 4165 transeunf

41 4202 140 4280 tes,
163 4182 333 4259 eamdem
357 4179 469 4255 etiam
493 4202 593 4254 nunc
615 4195 839 4252 conservant
857 4178 1031 4255 Graeci.“
1055 4171 1135 4260 ile·

879 4285 947 4358 5.
