2752 4776
643 973 716 1077 11.
734 967 737 975 ’

141 1179 208 1277 De
246 1199 350 1274 ortu
392 1196 438 1271 ct
480 1184 799 1271 instauratione
842 1183 1082 1271 Nitrieusis
1112 1184 1203 1294 Epi·

568 1334 791 1434 scopatur.

631 1567 663 1669 a.
692 1569 725 1645 1.

142 1703 266 1865 Inter
290 1811 351 1863 res
372 1782 532 1890 patrias,
569 1806 732 1884 quarum
755 1781 965 1888 primordia
995 1786 1120 1861 densis
1148 1780 1209 1858 ob·

143 1913 247 2000 septa
273 1896 361 1970 sunt
381 1890 567 1986 tenebris,
594 1887 743 1966 sedium
777 1887 1045 1969 nonnullarum
1069 1890 1209 1992 episco-

143 2003 288 2106 palium
327 2016 434 2076 ortus
478 2021 634 2096 quoque
673 1996 849 2073 censendi
884 2006 1211 2074 monumentorum

142 2105 294 2183 defectu
317 2119 425 2196 sunt:
462 2102 503 2176 in
534 2102 592 2180 his
625 2101 711 2178 ideo
744 2101 903 2204 figendis
932 2103 1080 2203 absque
1112 2104 1219 2202 eulpa.

143 2228 312 2303 erratur,
350 2209 436 2313 jure
471 2207 692 2310 ambigitur,
729 2211 867 2285 merito
898 2208 1134 2312 disputatur,
1179 2231 1214 2282 ac

142 2339 222 2395 non
246 2316 328 2395 sine
348 2313 477 2391 fructu
494 2315 705 2416 inquiritur
725 2317 876 2393 veritas.

238 2509 271 2610 ξ.
294 2513 329 2586 2.
355 2505 604 2615 Episcopatris
629 2509 851 2604 Nitriensis,
877 2509 1038 2614 ejusque
1058 2512 1219 2586 Praesu-

142 2618 224 2693 lum
240 2621 458 2710 memoriae,
478 2616 633 2693 Posonii
650 2642 751 2690 auno
769 2616 868 2691 1835
890 2613 1072 2693 informa
1092 2635 1216 2691 octava

143 2724 289 2820 editae,
328 2725 382 2798 uti
412 2724 585 2817 scientia,
620 2724 672 2797 ita
705 2724 786 2798 zelo
815 2723 972 2824 insignis
999 2723 1167 2817 Auctor,
1197 2749 1215 2800 a

143 2828 330 2908 Samuelis
348 2831 506 2924 Timon,
537 2830 692 2930 Georgii
719 2829 835 2932 Pray,
862 2827 927 2904 Ste
955 2825 1041 2905 hani
1061 2829 1216 2920 Katona,

141 2934 322 3039 Stephani
343 2939 437 3011 item
456 2934 591 3036 Salagi,
619 2937 784 3039 optimae
803 2953 916 3011 notae
928 2860 1215 3027 historicorum,

144 3042 452 3141 criticorumque
473 3043 720 3135 nostratium,
744 3044 947 3136 sententia,
975 3041 1081 3143 quod
1100 3057 1157 3119 est
1176 3037 1216 3115 ad
1242 3089 1249 3109 ‹

145 3149 336 3250 originem
356 3149 604 3253 Episcopatus
624 3145 825 3223 Nitriensis
845 3146 1047 3249 digressus,
1062 3151 1111 3220 tn
1133 3175 1219 3251 par-

144 3271 202 3329 tes
221 3254 432 3330 Innocentii
452 3253 645 3348 Deseritii‚
673 3252 829 3327 Martini
849 3251 907 3328 Sa.
924 3251 1075 3355 Ivinyi,
1102 3253 1217 3353 Nico-

77 3422 79 3429 ,
143 3359 193 3434 lai
205 3358 416 3456 ·Schmittii,
435 3360 671 3461 Antoniique
691 3357 869 3435 Ganoczii
882 3361 1048 3457 descivit,
1075 3358 1217 3436 instau-

143 3468 335 3544 rationem
353 3492 447 3545 vero
468 3465 639 3573 ejusdem
660 3482 810 3543 suomet
831 3466 1012 3545 subduxit
1032 3468 1188 3544 calculo.

237 3661 271 3764 ᾗ.
293 3665 340 3739 ’5.
388 3665 659 3754 Quaestionem
691 3661 787 3738 hanc
814 3665 1131 3770 problematicam
1149 3663 1219 3738 Hi-

143 3774 375 3849 storicorum
407 3770 510 3844 domi
534 3786 687 3846 nostrae
719 3772 930 3848 attentione
963 3770 1222 3873 dignatusest

142 3904 278 3973 uem03
314 3878 506 3982 quod'·eo
533 3872 740 3952 dolendum
766 3880 903 3978 magis,
939 3902 1018 3978 quo
1043 3876 1221 3954 Auctoris

142 3985 333 4061 lectissimi
362 4003 401 4063 ct
427 4007 535 4060 mens
564 3979 839 4059 veristudiosa
863 3986 1068 4061 etanimus
1090 3984 1139 4059 ab
1157 4008 1221 4059 er-

143 4116 232 4167 rore
252 4090 413 4188 alienus,
433 4087 609 4194 pluribus
634 4087 730 4171 nitet
758 4087 925 4185 indiciis;
952 4092 1102 4168 criticas
1123 4088 1221 4165 haud
