2752 4776
320 269 395 346 144

400 466 441 558 2)
478 461 584 552 Quos
611 455 733 538 adbuc
760 457 967 566 scriptores
995 474 1164 538 vetustos
1192 483 1264 568 pro
1292 487 1348 540 se

263 571 473 648 Ganoczius
495 568 684 664 laudavit,
722 593 788 644 eos
807 583 978 643 nostram
998 568 1224 645 senteutiam
1249 594 1328 672 par-

261 681 333 753 tim
358 673 579 752 confirmare
591 730 602 768 ,
629 673 770 778 partim
789 697 869 747 non
893 668 1101 768 infirmare,
1128 674 1326 752 docuimus.

237 781 382 872 „Quod
399 805 492 856 vero
509 779 660 856 nullum
683 781 928 884 episcopum,
951 781 1018 878 qui
1040 777 1328 855 Varadinensetn

261 888 459 967 ecclesiam
470 900 557 962 ante
572 882 610 959 S.
621 882 784 960 Ladislai
802 885 903 984 regis
913 899 1075 963 aetatem
1084 887 1250 978 rexerit,
1264 889 1330 962 no-

262 994 407 1071 minare
421 993 629 1096 possimus3
643 989 683 1065 id
698 996 729 1065 si
742 988 892 1093 probat,
911 987 946 1061 S.
960 987 1178 1095 Ladislaum
1189 991 1330 1094 episco-

262 1117 371 1204 patus
380 1097 622 1172 Varadiensis
632 1095 951 1172 conditoremnon
962 1122 1058 1193 esse,
1066 1097 1148 1202 pari
1155 1095 1241 1200 jure
1251 1124 1329 1200 pro·

261 1205 379 1300 babit,
399 1202 561 1279 eundem
579 1203 747 1306 plurium
771 1205 1061 1307 episcopattusm
1074 1258 1086 1298 ,
1098 1228 1143 1279 ac
1153 1204 1330 1306 imprimis

262 1311 438 1388 Albensis
467 1312 507 1383 in
526 1308 1056 1404 Temulenta-conditorem
1070 1335 1160 1386 esse.
1187 1311 1247 1386 De
1265 1309 1330 1387 boo

262 1444 352 1496 sane
373 1416 626 1510 consimilem,
649 1441 692 1491 ac
715 1413 763 1492 de
783 1413 1032 1489 Varadinensi
1052 1415 1330 1494 conclusionem

261 1523 439 1614 formare,
458 1547 501 1596 ac
508 1525 773 1621 quaestionem
783 1518 1169 1627 adversariusponere
1188 1538 1325 1625 potest:

217 1688 220 1693 .
263 1629 424 1727 ,Dicere
444 1618 688 1723 debebimus,
716 1625 754 1702 S.
776 1623 1010 1731 Stephanum
1026 1652 1158 1731 regem
1179 1657 1203 1703 a
1217 1626 1329 1706 fundo

262 1734 427 1813 erexisse
464 1732 622 1834 quidem
656 1732 727 1808 sub
757 1757 898 1837 annum
932 1731 1039 1807 MIlI.
1074 1736 1329 1837 episcopatum

263 1840 489 1935 Albensem3
517 1836 585 1916 sed
606 1856 736 1918 erecto
763 1864 842 1914 uon
867 1838 1013 1916 dedisse
1040 1843 1328 1946 episcopum,-

250 1944 992 2049 ¹'l'anquamremexploratissimamergo
1005 1947 1328 2040 teneredebemus,

198 2048 202 2059 ’
259 2054 298 2128 8.
319 2052 534 2128 Ladislaum
552 2054 792 2156 episcopatus
811 2052 988 2128 Albensis
1012 2052 1252 2130 conditorem
1273 2079 1328 2130 es-

260 2186 319 2253 se,
346 2175 452 2235 tanto
472 2160 590 2259 magis
610 2158 840 2259 cumquod
860 2158 1181 2259 quemadmodum
1190 2161 1326 2236 nullum

258 2265 509 2341 vetustiorem
532 2264 780 2369 scriptorem,
817 2265 868 2340 ita
892 2289 1018 2366 neque
1039 2262 1165 2342 ullum
1185 2269 1325 2374 episco-

260 2398 373 2476 pum,
401 2371 572 2473 quiante
601 2371 816 2448 Ladislaum
847 2368 1052 2448 Albensem
1080 2376 1245 2452 rexisset
1268 2400 1323 2450 ec-

262 2481 434 2574 clesiam,
460 2478 658 2560 nominare
708 2494 805 2552 ucat.
832 2478 952 2580 „Quis
968 2479 1062 2581 adeo
1075 2479 1240 2557 imbellis
1260 2481 1321 2558 erit

258 2604 302 2663 ut
318 2584 469 2677 credat,
498 2585 543 2659 ab
566 2609 664 2657 anno
736 2582 801 2656 III.
815 2610 867 2645 -·
888 2608 1009 2682 usque
1027 2585 1177 2662 obitum
1194 2585 1231 2661 S.
1256 2586 1320 2661 La·

259 2690 388 2784 dislai,
414 2688 454 2763 id
476 2692 694 2784 est,-.unius
714 2688 794 2764 fere
817 2691 931 2763 seculi
955 2692 1176 2786 intervallo,
1204 2695 1256 2768 ita
1276 2694 1318 2764 in·

258 2797 452 2875 tercidisse
488 2797 641 2871 nomina
674 2797 953 2897 Episcoporum
989 2795 1233 2893 Albensium,
1287 2812 1319 2870 ut

258 2908 416 2980 omnino
429 2903 555 2977 nullus
565 2905 604 2975 in
613 2903 781 2979 medium
799 2902 1011 2995 statui‚aut
1029 2933 1076 2999 „e
1086 2933 1178 3008 pera
1197 2923 1318 2981 extun-

83 3077 85 3081 .
259 3011 298 3083 di
321 3007 469 3113 possit?
504 3009 570 3082 ubi
594 3033 689 3108 ergo
720 3008 919 3108 perierunt
938 3011 1049 3084 unius
1070 3013 1190 3087 seculi
1223 3011 1317 3087 Auti-

175 3197 177 3203 ,
260 3119 366 3193 stites
394 3113 640 3189 Albensesl?
658 3113 707 3186 ll!

259 3384 264 3391 ,
390 3310 423 3410 ξ.
452 3310 511 3386 14.
540 3308 704 3413 Oportet
722 3336 793 3387 nos
811 3314 1054 3419 exceptiones
1075 3316 1190 3393 etiam
1205 3317 1316 3392 Gano-

235 3420 329 3497 ¹ozii
358 3433 492 3495 contra
511 3418 588 3492 vim
615 3437 926 3517 argumentorum
954 3420 1105 3515 audire,
1145 3442 1187 3501 et
1216 3426 1317 3500 libra-

258 3552 323 3604 re:
348 3523 560 3624 llHartvici
578 3523 704 3598 verbis
721 3525 852 3600 confici
865 3529 1086 3626 neutiquam
1106 3555 1240 3633 posse,
1259 3554 1317 3604 nu·

257 3658 408 3709 merum
430 3631 713 3734 episcopatuum
733 3660 754 3704 a
771 3631 808 3705 S.
828 3659 919 3733 rege
939 3631 1130 3736 Stephano
1153 3635 1317 3712 fundato·

257 3766 345 3812 rum
375 3736 594 3862 deponam,
632 3755 784 3836 praeter
819 3736 1068 3840 Metropolim
1092 3740 1315 3845 Strigonien·

258 3841 511 3936 sem,fu1sse=
541 3866 660 3940 quum
672 3844 723 3915 ita
736 3843 912 3921 dicimus:
927 3847 1117 3921 Christum
1127 3848 1317 3924 Dominum

260 3947 462 4031 duodecim
490 3950 650 4051 elegisse
677 3949 905 4055 Apostolos,
933 3979 1100 4055 quorum
1120 3956 1314 4062 principem
