2752 4776
991 313 1237 442 ’59ι

138 514 271 604 Tanai,
296 483 342 607 hc
362 509 562 618 paludibus
585 507 799 607 Maeotidis,
826 510 879 611 ad
894 510 1080 592 Austrum
1105 529 1224 618 ponto

139 622 316 713 Euxino,
353 636 392 694 et
409 617 611 694 Peninsula
633 616 812 713 Taurica,
839 611 1128 725 circumscripti.
1179 619 1224 693 ln
1288 653 1291 659 ·

140 729 271 830 regios
290 723 568 824 (Basilaeos).et
584 725 767 801 Aratores
779 725 1014 830 (Georgius),
1042 744 1123 803 tum
1138 726 1175 802 N
1177 756 1226 803 o-

142 832 294 925 mades,
321 858 389 908 seu
419 831 640 937 pastoritios
663 827 840 908 distincti.
893 835 1098 937 Separatae
1122 853 1225 909 trans

141 939 423 1040 Borysthenem
451 937 638 1042 degebant
661 939 783 1014 trihus
805 939 1031 1016 nonnullae:
1057 942 1227 1044 Callipe-

140 1049 215 1124 dae
237 1064 351 1147 atque
370 1045 572 1121 Alazontes
594 1047 812 1149 nuncupati.
841 1044 1126 1148 ScythaeRegii
1146 1075 1231 1133 mar

143 1157 249 1230 xime
269 1154 465 1229 numerosi
487 1171 707 1229 ceterorum
724 1153 935 1257 praecipui,
958 1179 1002 1228 ac
1026 1154 1231 1253 quasiDo-

142 1262 240 1338 mini
261 1257 510 1336 habebantur.
549 1256 648 1335 Vide
668 1259 855 1335 Herodot.
880 1258 946 1333 lib.
971 1259 1043 1335 lt&
1076 1263 1138 1334 10.
1168 1261 1229 1333 12.
1361 1304 1362 1308 =

148 1364 297 1442 1519.
323 1367 387 1442 55.
419 1365 481 1439 71.
513 1366 574 1440 75.
601 1366 687 1440 101.
715 1365 781 1440 VI.
810 1369 872 1438 84.
892 1383 963 1441 etc.
1021 1362 1176 1467 Scythia
1194 1381 1235 1438 et

146 1471 334 1575 Scythae,
361 1472 494 1572 quales
522 1470 659 1548 Strabo
683 1471 767 1556 vll,
801 1471 904 1546 Mela
924 1474 954 1547 Ι.
981 1474 1016 1549 2.
1036 1474 1082 1547 11.
1106 1474 1139 1550 l.
1167 1472 1231 1546 Ill.

146 1583 186 1659 5.
210 1583 245 1654 7.
273 1581 416 1655 Plinius
438 1579 464 1653 l.
483 1578 554 1653 lV.
581 1579 649 1671 11,
676 1579 736 1653 12.
766 1577 833 1653 VI.
860 1579 925 1672 13,
950 1582 1012 1654 17.
1034 1605 1079 1656 ac
1097 1579 1238 1656 Ptolo·

140 1712 292 1782 maeus,
312 1713 383 1760 suo
404 1703 578 1788 tempore
604 1683 893 1788 descripserant,
912 1684 961 1781 ad
980 1702 1096 1794 caput
1113 1709 1228 1791 prae-

147 1796 269 1904 sentis
290 1794 526 1894 quaestionis
547 1793 771 1892 neutiquam
793 1792 998 1897 pertinent.

150 2096 153 2101 .
246 2011 280 2112 ξ.
302 2013 364 2088 57.
401 2009 529 2086 Parthi
562 2006 818 2112 quorumnam
838 2003 1083 2109 Scytharum,
1104 2011 1236 2091 Euro-

147 2145 405 2226 paeorumne,
444 2146 492 2193 an
516 2116 756 2209 Asiatarum,
792 2114 941 2189 fuerint
962 2139 1140 2219 segreges
1172 2119 1237 2197 vel
1283 2125 1287 2131 ’

149 2227 305 2320 exules,
341 2243 401 2301 est
430 2222 574 2332 oppido
609 2225 815 2297 incertum:
854 2221 1031 2323 Triplicis
1064 2225 1239 2329 ipsorum

148 2333 372 2410 secessionis
396 2349 571 2438 prostant
591 2328 745 2404 indicia:
770 2328 1237 2431 dupplicis'meminitHe·

150 2440 332 2517 rodotus:
364 2467 437 2513 una
465 2439 654 2513 orientem
680 2438 751 2511 alia
773 2435 942 2510 Mediam
963 2461 1098 2523 versus
1119 2436 1236 2515 facta:

151 2548 201 2622 de
224 2548 347 2649 priori
366 2547 435 2619 ait:
477 2541 629 2646 „Super
655 2543 722 2618 hos
752 2540 957 2638 (Budinos,
990 2539 1239 2648 Thyssagetas

152 2671 194 2729 et
212 2651 372 2753 Tyreas)
394 2654 594 2753 regionem
624 2675 800 2724 auroram
824 2675 954 2725 versus
977 2649 1152 2728 incolunt
1174 2653 1237 2726 alii

152 2758 339 2860 Scythae,
380 2760 447 2861 qui
478 2786 500 2831 a
534 2758 649 2858 regiis
671 2752 821 2857 Scythis
849 2753 1088 2853 deficientes,
1115 2761 1168 2835 ita
1188 2758 1238 2835 ad

151 2865 255 2941 hunc
285 2866 414 2950 locum
474 2881 715 2963 ervonerunt.
771 2859 833 2935 Ad
862 2858 934 2957 hos
961 2872 1055 2968 usqe
1077 2861 1248 2967 Scythas·

151 2974 264 3076 regio
298 2974 420 3049 omnis
443 2895 620 3072 dcythica
649 2988 707 3051 est
734 2968 954 3074 campestris
984 2985 1023 3046 et
1043 2972 1116 3049 soli
1140 3000 1239 3080 pro-

153 3077 279 3175 fundi3
304 3080 455 3181 reliqua
477 3076 612 3154 dehinc
630 3075 799 3183 lapidosa
825 3094 939 3177 atque
958 3075 1163 3156 salebrosa.
1185 3118 1241 3138 -

154 3184 306 3263 Nomen
329 3187 383 3262 eis
405 3203 461 3263 est
478 3183 686 3288 Argippaei
709 3180 986 3283 (Kalmucii).“
1012 3181 1057 3267 L.
1078 3185 1149 3264 lv.
1165 3185 1237 3262 ut.

154 3294 218 3369 25.
267 3285 442 3369 Alteram
469 3291 535 3367 lib.
567 3281 595 3366 Ι.Ι
633 3291 694 3366 75.
716 3291 875 3399 promit:
913 3286 1053 3395 „Apud
1076 3291 1237 3394 Scythas
1355 3342 1360 3353 .

152 3399 365 3493 Nomadas,
400 3423 520 3499 quum
549 3411 649 3474 esset
681 3397 839 3491 seditio,
877 3415 1027 3472 caterva
1063 3400 1239 3479 virorum

153 3510 253 3584 clam
284 3508 447 3583 excessit
472 3507 513 3578 in
538 3522 682 3580 terram
702 3502 889 3594 Mediam,
915 3531 993 3606 qua
1014 3522 1238 3614 tempestate

153 3612 364 3690 Medorum
380 3612 582 3713 Tyrannus
604 3627 686 3687 erat
694 3613 895 3712 cyaxares,
909 3610 1106 3690 Phraortis
1126 3615 1237 3707 iilius,

153 3719 313 3821 Dejocis
337 3747 478 3824 nepos,
504 3721 572 3820 qul
589 3716 744 3823 Scythas
769 3716 853 3814 hos,
879 3735 1015 3820 utpote
1035 3720 1237 3826 supplicos,

154 3826 268 3904 initio
293 3826 459 3928 benigue
481 3827 640 3932 excipit,
676 3844 827 3920 etcum
854 3824 1009 3928 plurimi
1043 3852 1111 3904 eos
1131 3825 1240 3906 sace-

151 3952 233 4027 ret,
260 3950 409 4038 pueros
426 3936 480 4011 eis
509 3933 666 4010 tradidit
686 3930 911 4010 imbuendos
933 3953 971 4009 et
993 3934 1122 4036 lingua
1141 3931 1242 4036 Scy-

153 4039 256 4116 thica
285 4058 325 4118 et
344 4039 505 4118 artificio
534 4038 745 4143 sagittandi.
772 4039 1002 4142 -·Interjecto
1024 4040 1114 4127 dein
1139 4059 1240 4118 tem·-

153 4160 272 4256 pore,
288 4204 291 4209 .
305 4145 468 4248 Scythae
489 4147 527 4229 hi
550 4186 605 4209 -
638 4145 852 4253 puerioidio
874 4148 1077 4239 commisso
1097 4175 1240 4224 -co-
