2752 4776
1111 295 1186 405 ras

153 497 295 596 niensis
322 520 373 596 A,
401 521 579 627 Episcopi
605 520 775 625 subjecta
795 520 942 618 fuisset,
966 551 1044 599 non
1068 536 1248 599 cessasset

155 630 363 732 Propterea
381 669 435 686 -
452 626 672 704 dioeceseos
690 628 893 703 Nitriensis
913 657 1005 707 esse.
1028 630 1114 706 Hoc
1130 632 1184 722 si,
1202 642 1248 702 ut

154 709 291 826 debes,
321 731 514 825 concedis,
541 752 678 840 suopte
701 736 882 828 efficitur,
910 737 1016 836 quod
1041 734 1246 810 Nitriensis

149 820 405 944 Episcopatus
428 838 656 941 aStephano
669 843 824 915 minime
846 844 894 916 sit
905 843 1114 917 conditus.“
1139 842 1247 917 Idem

147 948 341 1047 epistolae
366 949 582 1048 exegeticae
603 976 639 1051 p.
668 946 729 1021 39.
768 947 807 1044 2)
840 946 877 1020 S.
899 946 984 1021 Rex
1008 950 1247 1051 provinciam

143 1038 386 1130 Nitriensem
409 1056 489 1128 sine
515 1055 711 1155 episcopio
738 1050 836 1126 baud
860 1053 1042 1154 reliquit,
1073 1053 1247 1129 Morari-

144 1178 193 1235 co
209 1176 350 1263 utpote
372 1160 616 1262 Episcopatui
646 1161 861 1251 obnoxiam,
880 1162 978 1233 sicut
1001 1160 1246 1237 Posoniensis

142 1265 288 1343 relicta
309 1283 483 1359 nonest,
517 1268 566 1339 A.
589 1265 781 1368 Episcopo
802 1264 1057 1366 strigoniensi
1080 1266 1242 1341 subdita.

140 1370 208 1446 An
234 1370 272 1445 S.
295 1370 493 1444 Adalberti
511 1369 813 1474 jurisdictionem
833 1373 1086 1474 intercipere,
1126 1398 1246 1448 cano-

139 1481 257 1552 nicas
280 1479 555 1569 institutioncS,
570 1477 711 1575 quibus
738 1478 911 1552 Moravia
934 1482 1058 1554 omnis
1070 1481 1132 1550 uni
1150 1477 1245 1552 sub-
1300 1508 1303 1513 ’

142 1583 254 1688 jecta
270 1582 343 1656 fuit
356 1585 613 1686 episcopatui,
632 1611 702 1658 rex
721 1599 872 1659 sanctus
893 1586 1149 1661 intervertere
1168 1614 1245 1688 po·

138 1690 259 1766 tuit?
286 1691 500 1790 Regionem
535 1716 685 1764 omnem
717 1717 837 1791 usque
860 1690 1009 1792 Vagum
1036 1709 1074 1765 et
1101 1690 1245 1767 radices
1343 1697 1345 1701 ’

142 1797 300 1901 alpium
323 1796 600 1897 carpaticarum
621 1795 816 1871 Moravico
836 1797 1070 1901 episcopatui
1100 1796 1246 1870 adscri-

143 1922 261 2007 ptam
280 1899 413 1996 fuisse,
442 1903 699 2004 Diplometice
717 1918 874 1978 constat·
903 1902 936 2003 ξ.
969 1904 1030 1976 55.
1068 1902 1108 1998 5)
1133 1902 1246 1977 Lite-

151 2032 224 2084 rae
243 2010 401 2108 capituli
421 2007 626 2082 Nitriensis
650 2006 928 2084 fundationales
945 2008 1109 2111 probant
1129 2006 1242 2082 nibil:

152 2132 248 2191 sunt
270 2115 370 2188 enim
394 2114 592 2188 manifeste
620 2109 907 2218 apochryphae3
944 2143 963 2188 a
987 2141 1065 2217 quo
1088 2113 1243 2190 demum
1260 2133 1269 2148 ··

147 2246 306 2320 cunque
337 2237 515 2312 auctore,
544 2221 767 2299 credulitate
792 2222 948 2295 suorum
979 2220 1152 2323 turpiter
1172 2222 1245 2296 ab-
1295 2228 1297 2233 ’

147 2354 245 2418 uso,
282 2343 416 2401 contra
442 2353 598 2420 omnem
629 2326 890 2431 diplomatices
925 2326 1113 2419 sormam,
1161 2329 1242 2404 sine
1283 2342 1289 2357 '

143 2450 270 2522 teste,
300 2458 341 2505 cc
361 2431 538 2523 consule,
568 2430 605 2506 S.
636 2433 735 2536 Regi
764 2436 927 2528 affictae3
957 2435 1024 2534 qui
1054 2433 1238 2507 Eccle-

151 2541 250 2614 sias
288 2539 546 2640 episcopales,
583 2567 660 2614 non
698 2540 886 2642 capitula,
923 2538 1142 2630 dotaverat,
1170 2565 1242 2613 nec

153 2645 277 2717 ullum
296 2632 576 2748 Episcoporuin
593 2645 736 2746 absque
757 2647 863 2746 larga
889 2647 1047 2745 reliquit
1067 2643 1169 2720 dote.
1200 2642 1241 2715 Si

151 2751 302 2851 regioni
316 2749 500 2826 Nitriensi
525 2778 645 2850 usque
667 2754 817 2854 Vagum
838 2752 1015 2854 proprius
1035 2753 1238 2853 episcopus

152 2854 292 2939 fuisset
307 2861 574 2955 praestitutus:
594 2886 640 2929 an
664 2859 729 2932 illa
742 2857 981 2958 synodaliter
1005 2855 1240 2957 Moguntiae,

152 2960 446 3039 confirmatione
476 2964 605 3066 Papali
622 2963 797 3066 Pragensi
825 2963 871 3036 Λ.
895 2963 1098 3068 Episcopio
1118 2961 1241 3036 adtri-

152 3068 220 3145 bui
256 3070 475 3170 potuisset?
505 3071 565 3143 An
594 3069 632 3142 id
662 3072 774 3146 laturi
805 3070 930 3172 Reges
964 3094 1005 3142 ac
1045 3068 1241 3143 Praesules

151 3172 337 3248 nostrii?
358 3215 412 3233 -
450 3177 490 3275 4)
518 3177 723 3252 Bestritum
754 3177 1000 3272 uenalium,
1028 3201 1143 3276 quam
1168 3175 1241 3248 Ni-

150 3282 338 3355 triensem
359 3278 475 3358 fuisse
495 3287 737 3389 episcopum,
767 3309 844 3358 non
866 3282 1089 3356 absimiliter
1116 3299 1241 3356 teme-

153 3413 196 3461 re
208 3390 464 3488 praesumitur
476 3415 483 3459 :
496 3389 569 3463 fuit
580 3392 610 3464 is
620 3387 701 3463 fors
714 3389 933 3479 Bacsiensis,
949 3405 1013 3461 aut
1023 3388 1239 3464 Colocensis

151 3494 394 3595 Episcopus,
434 3496 625 3591 Gerardo,
652 3493 795 3570 Albam
823 3492 1038 3587 festinanti,
1087 3495 1237 3586 obrius,

150 3597 356 3673 Nitriensis
378 3600 501 3675 eidem
521 3628 723 3678 occurrere
746 3600 845 3675 baud
872 3601 1008 3702 potuit⁴
1041 3597 1081 3695 5)
1100 3598 1240 3673 Archi-

156 3707 396 3811 episcopatus
417 3706 685 3807 Strigoniensis
699 3710 838 3783 limites
856 3723 957 3778 trans
977 3706 1148 3804 Vagum,
1171 3731 1241 3780 us-

152 3838 229 3914 que
256 3812 407 3916 Carpati
425 3814 592 3908 radices,
613 3812 713 3887 baud
738 3814 921 3920 patuisse,
949 3812 1126 3887 lubenter
1144 3837 1240 3886 con-

153 3918 347 4011 cedimus,
374 3922 612 4026 episcopatus
633 3920 820 3996 Moravici
840 3917 1133 4016 (Olomucensis)
1160 3934 1239 3992 ter·
1273 3975 1275 3979 -

153 4025 282 4099 minos
311 4049 434 4126 usque
458 4027 628 4128 Vagum,
659 4053 702 4100 ac
719 4027 870 4132 Carpati
894 4021 1056 4115 radices,
1092 4051 1238 4130 expor-

153 4145 302 4223 rectos,
332 4128 585 4230 defendimus3
622 4133 799 4210 distantia
825 4132 929 4240 justo
950 4127 1050 4208 baud
1071 4128 1236 4238 majore,
