2752 4776
1031 110 1131 203 113‘
1204 234 1208 239 Ι

28 403 31 408 ,
82 306 258 421 atropatus
278 314 338 389 sni
361 311 632 420 pertinentiam
649 313 689 397 in
701 312 875 400 orientali
897 317 1029 422 plaga,
1055 319 1154 395 Bar-

79 417 388 500 bas-orumlimiti
410 417 662 517 adjacentem,
689 419 920 498 creberrima
934 449 1070 503 eorum
1083 424 1156 504 de-

78 527 289 602 vastatione
308 525 498 620 infestari,
533 543 686 601 nostrae
704 548 936 626 conquestus
956 546 1013 606 est
1032 534 1157 634 pieta·

78 632 127 726 ti;
155 660 178 706 a
204 635 343 735 quibus
365 633 538 709 barbaris
556 632 676 708 nostri
697 656 852 734 qnoque
876 637 982 736 regni
1003 654 1157 742 tempo-

75 763 142 831 re,
170 739 376 815 miserabili
395 740 665 817 lamentatione
684 737 842 828 adiecit,
861 757 938 818 tam
954 744 1158 846 inrecupe-
1260 757 1263 761 ’

74 844 191 922 rabi-li
209 872 254 921 se
274 848 410 923 damno
432 846 576 922 laesum
599 850 640 918 in
667 843 957 942 interfectione,
984 874 1027 923 ac
1053 848 1160 928 dire-

75 952 210 1054 ptione
235 955 424 1029 Ecclesiae
439 978 528 1029 suae
546 950 736 1045 familiae,
783 944 916 1028 “taeter
935 956 1160 1037 innumera·
1226 1044 1229 1052 ¹

60 1055 169 1131 ,bilia
193 1056 541 1164 ‘depraedationum
567 1077 614 1134 et
642 981 911 1141 'incendiorum
941 1059 1159 1165 dispendia,

73 1178 118 1238 ut
147 1163 289 1264 absque
315 1166 527 1241 habitatore
554 1181 656 1240 terra
681 1164 851 1266 episcopi
878 1166 1084 1242 siluescat.“
1111 1169 1157 1253 A.

73 1267 164 1361 985.
178 1271 269 1347 Cod
282 1273 382 1377 Dipl.
397 1274 528 1356 tom,.l.
549 1299 588 1375 p.
613 1268 698 1344 173.
726 1271 855 1347 Causis
877 1272 933 1348 his
945 1272 1158 1367 dandorum

72 1375 294 1478 Hungariae
311 1380 593 1486 Episcoporum
605 1378 725 1479 gloria
745 1368 935 1482 Stephano
950 1379 1065 1459 Proto
1074 1381 1157 1482 regi

71 1479 149 1556 fuit
159 1485 303 1559 relicta.
332 1487 402 1561 Ast
415 1486 622 1590 Menariae,
637 1497 744 1588 parte
764 1511 839 1585 una
853 1483 1061 1584 (montosa)
1076 1487 1158 1563 Bo·
1177 1539 1179 1542 -

71 1585 233 1683 bemiae,
253 1591 371 1666 altera
393 1591 612 1691 Hungariae
631 1591 844 1683 obnoxiae,
864 1616 983 1665 unum
1012 1594 1157 1667 consti-
1209 1610 1213 1617 ·

70 1697 147 1770 tuit
170 1698 416 1801 episcopum,
454 1696 760 1782 Moravicum
796 1694 950 1771 dictum.
977 1695 1157 1773 Meminit

70 1799 187 1902 bujus
208 1803 362 1878 Cosmus
382 1805 577 1903 Pragensis
609 1802 871 1905 sequentibus:
892 1801 1053 1896 „Fertur
1082 1832 1156 1906 ειυς
1188 1820 1197 1830 ”

69 1924 173 2001 tem,
203 1906 307 2007 qnod
323 1908 458 1987 fuisset
474 1911 514 1983 in
541 1907 737 2001 Moravia,
765 1926 852 1983 ante
885 1926 1059 2012 tempora
1080 1907 1155 1984 Se-

68 2017 152 2091 reni
164 2014 356 2113 quideme
384 2018 552 2119 iscopus,
566 2033 608 2092 ut
626 2042 738 2107 reor,
756 2017 910 2089 nomine
932 2015 1155 2091 Wraczek.“

67 2117 346 2227 (p.9057.edit.
403 2121 738 2220 enken.)Pluribus
748 2120 948 2205 edisseruit
958 2119 1155 2199 Stredow-

68 2227 195 2303 sebius
224 2229 268 2303 in
297 2230 548 2306 ecclesiastica
578 2227 775 2303 M‘orauiae
805 2225 974 2302 Historia
1003 2256 1040 2331 p.
1074 2229 1153 2307 564

67 2333 163 2409 ...5‚
187 2331 241 2407 ad·
256 2360 314 2409 an.
333 2334 429 2411 976:
458 2335 603 2430 „Porro
626 2331 739 2434 longe
761 2333 890 2423 aliam,
921 2334 1038 2431 quam
1049 2358 1153 2409 nunc

45 2440 140 2532 sit,
180 2437 381 2520 Moravico
425 2441 671 2548 Episcopatui
699 2438 1009 2540 Peregrinus
1039 2464 1152 2512 men-

66 2571 133 2623 sus
159 2562 218 2622 est
242 2547 468 2627 dioecesim:
507 2546 638 2636 addita¹
667 2560 733 2622 est,
754 2542 959 2619 Wartislao
983 2543 1053 2619 sub
1080 2572 1153 2649 pa-

67 2654 249 2729 storalem
269 2682 399 2730 curam
420 2680 554 2757 magna
576 2679 663 2759 pars
687 2650 929 2753 Hungariae,
957 2647 1004 2722 ad
1027 2650 1153 2750 ipsum

67 2757 239 2861 Wagn'm
254 2770 490 2856 'excurrens,
504 2800 557 2818 ·-
583 2781 785 2863 quousque
802 2783 900 2832 -vero
920 2753 1151 2833 Wratislaus
1231 2809 1235 2814 -

66 2865 358 2960 Poiessowiensi
370 2868 560 2973 praesedit
577 2865 787 2958 cathedrae,
803 2863 967 2938 multum
985 2888 1151 2940 conver-

65 2973 166 3049 sioni
187 2972 461 3078 Hungarorum
489 2990 570 3051 erat
588 2971 802 3078 proficuus,
831 2986 947 3072 atque
965 2966 1152 3046 Moravo-

64 3104 155 3155 rum
174 3081 470 3180 reliquiisintra
502 3079 664 3179 Wagum
683 3103 833 3151 arranem
850 3092 890 3150 et
908 3076 1049 3150 montis
1064 3100 1151 3150 car·
1191 3152 1194 3156 ,

65 3185 183 3292 patici
207 3187 352 3264 radices
383 3184 690 3277 considentibus,
725 3207 838 3284 supra
864 3179 1021 3256 modum
1044 3181 1150 3259 salu-

64 3293 233 3368 taria-
260 3295 467 3394 Postquam
486 3318 533 3367 ex
552 3293 693 3367 talento
721 3288 793 3364 sibi
816 3287 964 3387 credito
979 3284 1148 3362 fructum

47 3397 235 3475 'Domino
273 3415 504 3505 reportasset
532 3396 774 3499 centuplum,
813 3389 958 3468 fractus
990 3392 1144 3483 labore,

44 3511 183 3604 ,quem
207 3505 449 3583 laudabiliter
485 3503 751 3604 quinquennio
790 3500 831 3571 in
867 3525 934 3573 sua
966 3493 1163 3593 cathedra,

61 3627 264 3712 exegerat,
296 3614 345 3690 ad
377 3612 569 3688 aeviterna
600 3609 726 3685 evadit
753 3605 961 3709 praemia.“
988 3632 1025 3708 p.
1054 3601 1143 3676 570.

62 3715 154 3792 Uno
178 3716 375 3797 Mon-aviae
396 3717 600 3795 Polcssovii
631 3714 840 3819 constituto
872 3711 1054 3890 episcopo
1072 3700 1147 3781 Ni-

62 3820 246 3904 triensem
273 3825 470 3905 ecclesiam
489 3820 707 3926 acephalam
726 3841 878 3915 neccsse
917 3816 975 3891 uit
993 3840 1148 3919 perma-

62 3953 170 4047 liel'e·
932 4030 954 4100 8
