2752 4776
237 300 309 407 m
428 361 430 366 ·

271 537 303 638 ξ.
324 540 384 615 51.
413 537 587 613 Ditmaro
610 537 855 643 Progensinm
879 539 1062 622 Praesule
1087 550 1155 622 2-a
1179 548 1239 622 Ja-

175 649 297 722 nuarii
328 649 440 722 Anno
462 644 586 719 {tto-0
614 641 702 717 fatis
720 643 874 740 functo,
908 650 1152 730 Dinastarum
1174 655 1241 733 Βο·

115 803 118 813 κ
174 753 409 830 hemicorum
435 751 611 842 soboles,
640 753 794 825 nomine
814 754 1028 855 baptismali
1058 758 1238 856 Wortech,

173 885 206 933 v.
235 857 475 949 Woitech,
503 858 813 932 confirmationali
834 859 1090 952 Adalbertus,
1109 867 1155 941 ad
1175 871 1240 944 im-

170 965 348 1071 plendam
371 963 588 1038 cathedram
609 964 772 1067 rapitur,
811 981 926 1068 atque
949 969 1064 1049 Festo
1084 974 1242 1078 Aposto-

172 1079 301 1150 lorum
330 1071 431 1144 Petri
458 1095 501 1142 ac
527 1070 631 1143 Pauli
669 1069 844 1146 Veronae
870 1098 1129 1154 consecratur.
1167 1082 1243 1157 Post

170 1182 316 1256 obitum
346 1202 439 1252 vero
473 1174 664 1249 Wratislai
699 1177 888 1251 Praesulis
919 1179 1134 1278 Moravici,
1179 1216 1239 1290 per

166 1286 406 1376 Boleslaum,
434 1279 638 1357 Bobeniae
664 1282 883 1387 Principem
907 1285 950 1358 ad
978 1294 1237 1391 capessendam

168 1394 400 1469 Moravicam
416 1390 530 1463 etiam
547 1388 676 1465 sedem
696 1391 1035 1492 compellitur:
1054 1398 1241 1476 Benedicti

132 1547 135 1552 -
167 1500 276 1573 Vll-i
309 1497 433 1599 Papae
460 1519 662 1588 consensu,
687 1511 729 1571 et
752 1493 903 1570 Ottonis
923 1499 970 1573 ΙΙ,
1002 1500 1241 1605 Imperatoris

96 1611 101 1622 '
167 1605 453 1682 confirmatione
465 1601 1240 1689 accedentibusAnno984-5.HaecMo·

163 1713 278 1789 rarici
305 1713 554 1814 Episcopatus
585 1733 672 1783 cnm
697 1707 786 1781 sede
803 1708 981 1809 Pragensi
1008 1717 1101 1792 unio
1128 1744 1239 1822 usque

43 1877 55 1890 ,
163 1845 302 1894 annum
331 1812 519 1889 1065-um
542 1814 740 1916 praestitit.
770 1813 925 1904 „Morte
947 1819 1167 1916 Wratislai‚
1197 1829 1240 1900 ait

165 1921 483 2010 Stredowszlius,
506 1919 551 1992 ad
569 1918 786 1993 Boleslaurn
803 1919 1008 2001 Bohemiae
1028 1926 1238 2008 Moraviae-

162 2059 238 2134 que
266 2032 408 2102 Ducem
441 2025 584 2116 delata,
613 2022 816 2099 confestim
847 2054 968 2106 novae
996 2041 1236 2134 cogitationes

132 2139 385 2216 -subiverunt
433 2130 618 2232 Principis
681 2132 870 2225 animum,
915 2139 946 2210 si
998 2164 1077 2238 quo
1130 2146 1236 2222 modo

163 2243 402 2330 Mor-aviam,
452 2235 580 2335 quoad
612 2238 792 2311 secularia
823 2264 894 2320 suo
927 2242 1004 2346 jam
1033 2247 1235 2327 dominatui

162 2350 326 2439 unitam,
364 2360 490 2448 posset
516 2344 630 2418 ctiam
648 2343 774 2441 quoad
797 2343 1027 2447 dioecesim,
1065 2357 1236 2458 Prageusi

161 2451 393 2557 conjungere
412 2451 654 2554 Episcopatui
667 2451 681 2542 ,'
706 2468 748 2522 ut
769 2453 822 2525 sic
850 2451 1010 2532 firmiori
1024 2488 1126 2536 nexu
1153 2465 1237 2542 Μο-

159 2564 303 2637 raviam
328 2561 367 2630 in
397 2557 655 2631 Bohemorum
679 2558 898 2660 Principum
933 2568 1149 2644 contineret
1181 2571 1236 2648 of-

161 2669 256 2742 ficio.
286 2665 432 2738 Idcirco
463 2661 635 2737 ordinata
661 2663 824 2738 Romam
856 2665 1234 2769 legationeBenedi·

35 2778 38 2783 ’
160 2794 264 2850 ctum
299 2771 461 2845 Vll-um
484 2769 642 2871 Papam,
670 2786 752 2842 tum
774 2793 929 2870 quoque
962 2777 1009 2850 ad
1035 2782 1236 2861 Caesarem·

140 2881 340 2956 'Ottonem
359 2879 481 2950 ll-um
499 2877 538 2946 in
559 2875 677 2948 Italiis
698 2900 1018 2978 commorantem,
1046 2890 1235 2967 instantis.

161 2989 253 3061 sime
281 2983 548 3085 supplicat-
584 2982 702 3056 Cessit
725 2981 889 3058 feliciter
913 2995 1138 3091 negocium:
1165 3000 1235 3075 Be·
1262 3035 1266 3045 ·

157 3093 298 3169 nedicti
338 3088 418 3160 VII.
461 3088 582 3186 Papae
611 3087 839 3190 Apostolicis
870 3092 1023 3192 literis,
1049 3100 1088 3176 e't
1124 3106 1236 3181 Otto-

156 3204 215 3272 nis
246 3200 290 3271 ll.
328 3193 590 3297 Imperialibus
626 3194 762 3267 tabulis
802 3195 1004 3277 firmatum.
1033 3246 1084 3265 -
1128 3211 1234 3286 Haud

151 3323 262 3405 ¹grata
294 3303 384 3376 haec
410 3298 617 3373 Adalberto
643 3301 858 3375 acciderant
876 3325 1032 3385 statuta:
1069 3316 1234 3419 perpen-

155 3412 247 3487 dens
268 3411 369 3484 enim
391 3405 427 3481 S.
458 3407 610 3479 Praesnl
640 3406 855 3485 Moraviam
883 3431 921 3488 et
949 3436 1098 3518 partem
1124 3425 1234 3499 Hun-

154 3519 279 3619 gariae
299 3521 399 3588 intra
425 3513 574 3611 Vagnrn
601 3529 640 3585 et
662 3513 864 3616 Carpatum
890 3541 1080 3620 montem,
1111 3557 1232 3607 novae

90 3698 93 3705 ¹
150 3623 356 3718 Parophiae
381 3618 595 3708 latifundia,
619 3624 767 3692 censuit
787 3637 890 3698 tanto
920 3637 1049 3725 oneri,
1078 3663 1153 3737 pro
1176 3638 1248 3713 rei*

148 3731 359 3833 exigentia,
397 3751 481 3799 suas
518 3749 761 3825 nequaquam
795 3728 1017 3810 suffecturas
1045 3743 1160 3818 vires·
1179 3785 1229 3798 -

148 3837 290 3912 Mansit
318 3832 517 3906 Moravice
537 3829 705 3904 Ecclesia
741 3833 924 3932 Pragensi
957 3845 1134 3943 copulata
1163 3877 1231 3923 us-

146 3969 220 4043 que
242 3940 351 4015 1065.
375 3963 472 4039 quae
499 3938 684 4039 temporis
709 3939 890 4040 periodus
913 3934 1004 4023 facit
1025 3957 1229 4056 octuagin-

143 4067 182 4124 ta
200 4049 296 4123 duos
314 4045 470 4118 annos.“
485 4041 509 4115 l.
535 4066 565 4114 c.
587 4070 622 4144 p·
641 4043 727 4121 570.
749 4044 832 4117 Hoc
852 4045 935 4146 jure
959 4054 1109 4131 videtur
1134 4059 1227 4135 mihi

134 4154 365 4234 Adalbertus
377 4174 535 4252 operam
551 4173 658 4224 suam
668 4152 925 4254 evangelicam
946 4160 1094 4265 Geysae
1110 4165 1228 4244 Hun-
