2752 4776
216 310 263 384 80

159 502 314 604 quidem
344 503 508 596 valeret,
537 500 655 577 sistra
677 516 867 578 constaret
891 507 1052 595 veritate
1060 534 1072 603 3
1100 503 1167 585 sed
1191 503 1231 588 dt

159 610 295 701 Sunia,
324 608 360 681 S.
381 609 609 710 Hieronymi
647 607 807 713 epistolii
840 636 937 684 auno
962 630 1050 715 post
1068 613 1134 689 Ch.
1162 610 1230 692 405

159 718 257 809 data,
279 715 470 791 tantillum
487 717 759 820 comperimus:
774 715 1059 817 „Hieronymus
1073 719 1232 798 Sunniae

157 849 201 896 ac
219 823 417 899 Fretellae.
465 823 567 897 Vere
600 823 641 893 in
671 823 783 897 nobis
802 822 1044 928 Apostolicus
1077 843 1116 900 et
1138 829 1234 905 Pro-

156 927 330 1034 phcticus
355 956 482 1005 sermo
507 929 718 1032 completus
741 944 810 1005 est:
848 928 894 1001 In
916 957 1070 1006 omnem
1095 951 1234 1011 terram

156 1037 276 1111 exivit
294 1061 407 1112 sonus
429 1062 564 1110 eorum
587 1037 686 1133 etin
703 1033 795 1112 fines
816 1036 919 1137 prbis
943 1053 1138 1114 terrarum
1155 1068 1235 1116 ver·

155 1141 205 1215 ba
226 1169 371 1218 eornm.
415 1142 507 1230 Quis
528 1140 601 1218 hoc
620 1139 812 1237 crederet,
848 1158 892 1215 ut
914 1142 1074 1220 barbara
1095 1146 1236 1221 Geta-

156 1275 258 1325 rum
287 1249 415 1350 lingua
446 1247 661 1324 hebraicam
684 1265 844 1349 quaerat
864 1251 1064 1324 veritatem
1084 1267 1125 1327 et
1145 1254 1235 1330 dor-

154 1356 360 1430 mientibus
380 1371 419 1428 et
437 1355 752 1430 contendentibus
764 1356 929 1447 Graecis,
950 1357 1032 1458 ipsa
1049 1356 1233 1435 Germa-

155 1457 236 1535 nia
264 1460 428 1565 Spiritus
452 1463 568 1536 sancti
596 1460 749 1564 eloquia
773 1461 1075 1537 scrutaretu1·?!“
1116 1465 1232 1566 Atqui

64 1560 67 1566 “
159 1567 211 1663 1.)
243 1566 283 1639 Si
303 1565 435 1640 Sunias
466 1586 505 1644 et
524 1567 689 1642 Fretella
713 1569 917 1672 episcopali
941 1569 1153 1668 viguissent
1174 1575 1233 1647 di-

155 1676 310 1774 gnitate,
338 1702 430 1747 num
451 1673 638 1751 honorem
658 1673 759 1748 hunc
779 1677 834 1750 eis
859 1700 936 1748 non
954 1673 1156 1753 detulisset
1177 1682 1234 1755 vir

154 1780 329 1856 sanctus?
356 1780 458 1856 Num
476 1781 728 1856 admiraturus
747 1779 872 1857 fuerat
890 1783 994 1886 ipsos
1014 1781 1234 1859 hebraicam

154 1913 340 1988 quaerere
363 1885 685 1965 veritatemii—
705 1888 756 1984 2.)
780 1888 1020 1990 Hieronymo
1044 1889 1231 1967 Gethae

152 1996 192 2068 in
212 1997 416 2071 Germania
437 1993 587 2071 fuerant
606 1993 764 2087 Gothi,
793 1993 833 2067 id
855 1995 1039 2100 temporis
1059 2023 1131 2101 per
1152 1999 1233 2098 Eu-

152 2127 288 2206 ropam
316 2101 462 2174 diffusi:
500 2102 642 2195 „Docti
674 2127 824 2195 omnes,
851 2105 995 2202 inquit,
1022 2102 1233 2178 Getharum

152 2209 307 2285 nomine
328 2205 476 2284 Gothos
497 2208 753 2309 intelligunt.“
775 2209 927 2297 Quaest.
941 2207 1060 2283 Hebr.
1085 2210 1127 2284 in
1152 2211 1234 2286 Ge-

69 2340 72 2345 ·
150 2317 285 2390 nesim.
321 2313 374 2412 5.)
393 2313 572 2408 Etiamsi,
593 2319 887 2391 concesserimus
906 2314 1063 2390 Suniam
1085 2315 1232 2394 etFre-

152 2423 283 2500 tellam
322 2420 361 2494 in
389 2420 591 2496 Germania
621 2420 739 2496 fuisse
776 2423 1016 2527 EpiscopOS,
1055 2450 1104 2496 an
1142 2423 1230 2500 inde

150 2531 327 2629 sequitur
361 2529 461 2630 ipsos
481 2527 840 2604 Marcomannorum
871 2526 987 2605 fuisse
1008 2528 1231 2633 Episcopus,

80 2665 81 2669 ¹
149 2661 246 2736 quos
277 2636 342 2708 ilie
362 2635 476 2718 Getas
503 2634 696 2740 appellat?
723 2634 775 2697 -'-
812 2633 864 2731 4.)
886 2636 1046 2711 Fuerint
1074 2637 1102 2707 ii
1123 2635 1233 2710 Mar-

148 2770 424 2821 comannorum
454 2744 650 2847 Episcopi,
685 2768 779 2817 num
815 2740 904 2817 ideo
940 2740 1073 2816 Sunias
1106 2741 1232 2818 Nitri-

148 2853 249 2925 eusis
279 2850 516 2953 Episcopus?
567 2847 603 2922 S.
636 2848 841 2923 Severinus
867 2866 969 2923 certe
1002 2865 1090 2952 post
1122 2876 1231 2924 mor-

147 2971 227 3032 tem
244 2957 369 3030 Atilae
384 2957 458 3029 455
479 2951 508 3028 F
512 2956 664 3037 avianae,
677 2953 880 3052 (Viennae)
894 2954 1115 3061 Apostolus,
1139 2960 1231 3031 nul-

147 3060 228 3136 lum
255 3063 295 3135 in
321 3061 492 3166 partibus
520 3060 597 3152 his,
627 3077 779 3164 praeter
796 3061 1045 3136 Laurentium
1065 3061 1231 3147 Lauria-

107 3160 109 3173 ’
146 3194 318 3262 oensem,
347 3171 492 3273 reperit
522 3169 767 3272 Episcopum,
804 3167 920 3243 rebus
941 3169 1132 3247 Ecclesiae
1165 3198 1232 3246 su-

144 3302 215 3378 pra
234 3277 393 3353 modum
417 3275 597 3351 turbatis:
634 3275 869 3377 „Tempore,
896 3298 975 3375 quo
994 3275 1142 3369 Attila,
1161 3302 1231 3352 rex

144 3381 377 3460 Hunnorum
401 3381 601 3458 defunctus
630 3396 706 3476 est,
734 3399 940 3482 utraque
966 3381 1228 3474 Pannonia,

104 3496 108 3508 '
143 3505 420 3590 ceteraque
460 3487 660 3565 confinia
696 3489 918 3581 Danubii,
954 3488 1069 3565 rebus
1092 3490 1230 3565 turha-

142 3593 283 3671 bantur
320 3595 541 3698 amhiguis.“
590 3594 635 3669 V.
664 3594 830 3699 Eugippi
866 3595 957 3669 Vita
987 3594 1026 3675 S.
1054 3595 1228 3674 Severini

101 3800 104 3804 Α
127 3692 222 3807 cap.
243 3704 271 3777 Ι.
298 3701 345 3777 cf.
372 3728 404 3776 c.
425 3702 491 3777 IV.
529 3701 688 3776 Fuerint
716 3703 829 3805 proin
850 3698 986 3777 Sunias
1008 3719 1048 3776 et
1063 3702 1230 3779 Fretella

140 3809 271 3900 Gothi,
299 3807 346 3883 de
371 3806 793 3908 quibusOro'siusI.16.
815 3809 958 3907 inquit:
986 3807 1135 3902 „Modo
1158 3838 1229 3883 au-

141 3933 220 3992 tem
243 3915 411 3992 Gethue
433 3916 509 4010 illi,
537 3916 605 4014 qui
627 3931 665 3988 ct
686 3940 789 3988 nunc
806 3913 975 4006 Gothi,
1005 3939 1106 4015 quos
1130 3916 1229 3991 Ate-

140 4021 284 4098 xander
313 4021 512 4098 evitandos
533 4022 811 4124 pronunciavit,
838 4021 991 4113 relictis,
1019 4025 1228 4125 vacuisque

139 4125 246 4223 factis
267 4129 419 4208 sedibus
441 4131 517 4206 suis
538 4155 581 4204 ac
612 4129 701 4204 totis
733 4127 910 4224 urbibus,
939 4127 1010 4204 toti
1032 4130 1228 4210 Romanas
