2752 4776
194 348 243 424 92

140 567 283 651 porum
307 539 656 642 Salishurgensium
685 538 884 618 ambitioni
909 538 1054 620 lactum
1079 567 1215 645 nequa·

31 735 34 740 .
142 675 259 751 quam
291 648 406 725 fuisse
434 650 539 740 satis,
586 665 669 723 acta
699 645 947 747 Synodorum
980 649 1215 745 Germaniae,
1273 668 1275 711 Ι

142 756 284 856 quibus
315 753 564 831 Passaviensis
600 755 875 857 episcopus
909 753 1093 831 duntaxat
1134 757 1217 832 suh-

142 862 344 956 scribitur,
370 861 514 934 affatim
535 859 684 936 docent.
714 860 939 952 2).Bavaros
959 862 1062 937 inter
1081 887 1125 937 ac
1144 861 1221 938 Mo·

142 993 256 1043 ravos
278 969 395 1058 acris,
423 965 672 1042 hostilitatem
689 990 810 1067 usque
833 992 1048 1070 progressa,
1071 985 1223 1043 conten-

144 1074 201 1150 tio
235 1098 328 1149 mox
358 1073 507 1177 erupit3
541 1087 805 1175 quapropter
838 1073 972 1147 Bavari
1007 1073 1224 1170 Praesules,
1258 1089 1262 1097 ’

145 1205 189 1255 ac
212 1179 447 1272 sacerdotes,
471 1175 644 1252 Moraris
659 1179 770 1253 invisi
788 1233 798 1272 ,
819 1207 840 1253 a
861 1179 1084 1283 provinciae
1104 1179 1226 1256 Mora·

143 1287 250 1362 ricae
272 1281 401 1376 aditu,
437 1282 486 1359 ab
515 1310 613 1375 anno
635 1287 864 1387 praesertim
893 1284 1042 1378 855-0,
1071 1285 1227 1362 interdi-

144 1393 197 1467 cti
212 1407 326 1484 sunt,
343 1390 449 1493 quod
472 1391 740 1493 episcoporum
760 1389 942 1466 Bavariae
962 1392 1133 1492 querelis
1150 1394 1227 1499 ple-

144 1523 216 1573 nae
237 1498 381 1572 literae
393 1514 674 1571 contestantur:
703 1494 832 1591 „Olim
852 1497 1011 1572 comites
1029 1500 1147 1574 etiam
1162 1527 1229 1576 no·
1269 1558 1273 1570 .

97 1698 103 1706 Ι
149 1604 233 1696 atri,
253 1603 436 1704 inquiunt
462 1602 541 1697 illi,
567 1615 693 1676 terrae
713 1601 911 1697 confines,
930 1603 1072 1707 placita
1089 1607 1230 1680 secula-

146 1709 208 1784 ria
237 1706 317 1811 illic
348 1709 640 1811 continuarunt,
689 1722 730 1783 et
759 1732 860 1808 quae
893 1708 1122 1812 corrigenda
1151 1734 1231 1787 sunt

142 1833 421 1909 correxerunt,
450 1812 594 1890 tributa
612 1815 806 1908 tulerunt,
835 1832 873 1890 et
891 1815 986 1889 nulli
1006 1816 1062 1893 eis
1081 1818 1231 1894 restite·

146 1938 261 2014 runt,
288 1920 548 2023 usquedum,
576 1925 787 1998 incessente
807 1919 923 1997 corda
941 1946 1078 1998 eorum
1100 1922 1232 1999 diaho-

147 2026 188 2103 lo
229 2025 684 2104 christianitatem
720 2024 970 2103 ahhorere
1007 2045 1232 2106 ‹st-omnem

148 2131 335 2208 iustitiam
358 2134 595 2230 detrectare,
621 2134 807 2233 belloque
832 2136 1041 2225 lacessere,
1069 2151 1109 2211 et
1131 2131 1233 2213 ohsi-

148 2254 252 2313 stere
276 2236 494 2316 saevissime
521 2256 758 2342 coeperunt,
786 2237 904 2330 adeo,
936 2253 981 2313 ut
1006 2240 1087 2315 via
1116 2244 1234 2346 Epi·

18 2414 27 2431 ,
148 2368 336 2450 scopo,
375 2362 421 2421 et
447 2345 917 2455 praedicatoribus
945 2370 1004 2420 eo
1031 2373 1131 2424 non
1166 2374 1268 2424 es-.

150 2465 244 2542 set3
271 2450 337 2526 sed
351 2452 464 2528 libitu
485 2481 554 2529 suo
578 2468 765 2556 egerunt,
791 2477 891 2553 quae
909 2451 1233 2529 volue1·unt.“l.c.

150 2585 188 2662 p.
222 2557 309 2631 250.
336 2557 463 2656 Num,
487 2562 690 2639 Alewinus
717 2559 865 2663 primus
888 2557 1149 2635 Nitriensihus
1172 2560 1237 2635 da-

151 2678 212 2737 tus
243 2663 419 2761 Praesul,
448 2665 549 2743 hunc
578 2664 827 2741 Moraviensis
854 2663 1045 2739 Ecclesiae
1065 2690 1237 2742 occasum

150 2771 430 2873 supervixerit,
457 2797 530 2850 nec
552 2800 625 2867 ne,
655 2774 748 2848 certi
772 2768 868 2872 quid
888 2772 1068 2861 constitui
1095 2774 1236 2874 nequit·

147 2882 378 2956 successoris
408 2880 485 2955 dati
507 2880 657 2954 nullum
680 2881 727 2951 in·
739 2879 998 2953 monumentis
1023 2880 1238 2982 vestigium

150 3005 246 3056 vero
273 2985 429 3061 videtur
454 2988 635 3078 similius,
673 2983 723 3059 ob
746 2984 1020 3060 invalescentes
1043 2989 1146 3062 inter
1167 2984 1239 3058 Ba-

150 3112 266 3162 varos
288 3116 332 3164 aa
355 3090 547 3167 Moravos'
566 3089 791 3179 hostilitates
821 3089 971 3165 nullum
1004 3090 1132 3167 eidem
1162 3089 1239 3170 suf-

150 3189 296 3272 fectum
324 3215 521 3301 pastorem
552 3223 596 3272 ac
624 3195 845 3290 doctorem,
883 3195 1175 3298 Nitriensesque
1202 3199 1241 3272 in

155 3299 353 3403 pristinam
383 3307 554 3409 relapsos
580 3305 1026 3406 essesuperstitionem3
1053 3303 1129 3380 huc
1152 3332 1243 3409 per·

154 3406 253 3481 tinet
292 3409 476 3487 Bavariae
515 3412 740 3487 Praesulum
777 3411 1038 3511 querimonia:
1085 3410 1243 3503 „Ante-

155 3538 283 3590 cessor
300 3535 492 3617 vester·
505 3516 739 3620 Vichingum
752 3517 996 3622 consecrarit
1007 3517 1243 3624 episcopum,

154 3636 197 3695 et
230 3647 474 3724 nequaquam
507 3626 553 3700 in,
584 3624 696 3698 illum
726 3623 927 3722 antiquum
963 3622 1245 3701 Passaviensem

154 3727 417 3836 episcopatum
438 3732 667 3825 transmisit,
680 3727 805 3827 sedin}
817 3728 1008 3829 quandam
1026 3755 1081 3803 ne
1093 3731 1190 3836 oph
1195 3757 1246 3833 y-

156 3848 255 3910 tam
277 3855 492 3943 gentem,
521 3861 638 3936 quam
666 3838 745 3940 ipse
769 3834 861 3910 Dux
883 3835 1032 3911 domuit
1051 3837 1182 3934 hello,
1209 3853 1248 3913 et

158 3963 208 4014 ex
226 3943 436 4122 p5a7ganis
458 3941 775 4027 christianos
797 3968 904 4022 esse
923 3946 1245 4067 pararit‘slc·

158 4073 196 4148 p.
308 4102 318 4125 .
