<?xml version="1.0" encoding="UTF-8"?>
<!DOCTYPE html PUBLIC "-//W3C//DTD XHTML 1.0 Transitional//EN"
    "http://www.w3.org/TR/xhtml1/DTD/xhtml1-transitional.dtd">
<html xmlns="http://www.w3.org/1999/xhtml" xml:lang="en" lang="en">
 <head>
  <title>
</title>
<meta http-equiv="Content-Type" content="text/html;charset=utf-8" />
  <meta name='ocr-system' content='tesseract 3.04.00' />
  <meta name='ocr-capabilities' content='ocr_page ocr_carea ocr_par ocr_line ocrx_word'/>
</head>
<body>
  <div class='ocr_page' id='page_1' title='image "./dissertationesi00fejgoog_0085.png"; bbox 0 0 2752 4776; ppageno 0'>
   <div class='ocr_carea' id='block_1_1' title="bbox 174 328 247 404">
    <p class='ocr_par' dir='ltr' id='par_1_1' title="bbox 81 262 256 466">
     <span class='ocr_line' id='line_1_1' title="bbox 174 328 247 404; baseline -0.017 -0.594"><span class='ocrx_word' id='word_1_1' title='bbox 174 328 247 404; x_wconf 68' lang='lat' dir='ltr'>ts</span> 
     </span>
    </p>
   </div>
   <div class='ocr_carea' id='block_1_2' title="bbox 67 499 1217 2430">
    <p class='ocr_par' dir='ltr' id='par_1_2' title="bbox 67 499 1216 2220">
     <span class='ocr_line' id='line_1_2' title="bbox 140 499 1207 626; baseline -0.005 -29"><span class='ocrx_word' id='word_1_2' title='bbox 140 541 223 624; x_wconf 82' lang='lat' dir='ltr'>que</span> <span class='ocrx_word' id='word_1_3' title='bbox 256 514 480 612; x_wconf 82' lang='lat' dir='ltr'>Antistites,</span> <span class='ocrx_word' id='word_1_4' title='bbox 517 511 903 626; x_wconf 85' lang='lat' dir='ltr'>Archiepiscoporum</span> <span class='ocrx_word' id='word_1_5' title='bbox 938 513 1116 626; x_wconf 84' lang='lat' dir='ltr'>deinceps</span> <span class='ocrx_word' id='word_1_6' title='bbox 1148 499 1207 594; x_wconf 73' lang='lat' dir='ltr'>ltn-</span> 
     </span>
     <span class='ocr_line' id='line_1_3' title="bbox 147 625 1211 730; baseline -0.008 -24"><span class='ocrx_word' id='word_1_7' title='bbox 147 631 262 706; x_wconf 82' lang='lat' dir='ltr'><strong>beant</strong></span> <span class='ocrx_word' id='word_1_8' title='bbox 283 627 544 730; x_wconf 85' lang='lat' dir='ltr'>potestatem.“</span> <span class='ocrx_word' id='word_1_9' title='bbox 557 637 598 730; x_wconf 83' lang='lat' dir='ltr'>p.</span> <span class='ocrx_word' id='word_1_10' title='bbox 618 625 678 701; x_wconf 73' lang='lat'>35:</span> <span class='ocrx_word' id='word_1_11' title='bbox 696 625 730 726; x_wconf 57' lang='grc' dir='ltr'>ᾖ.</span> <span class='ocrx_word' id='word_1_12' title='bbox 742 627 777 699; x_wconf 82' lang='lat'>7.</span> <span class='ocrx_word' id='word_1_13' title='bbox 806 625 1009 728; x_wconf 84' lang='lat' dir='ltr'>Piligrinus</span> <span class='ocrx_word' id='word_1_14' title='bbox 1025 626 1211 728; x_wconf 65' lang='lat' dir='ltr'>(Peregrl⁴</span> 
     </span>
     <span class='ocr_line' id='line_1_4' title="bbox 144 728 1210 837; baseline -0.006 -27"><span class='ocrx_word' id='word_1_15' title='bbox 144 736 234 833; x_wconf 88' lang='lat' dir='ltr'>nus)</span> <span class='ocrx_word' id='word_1_16' title='bbox 253 761 347 810; x_wconf 80' lang='lat' dir='ltr'>vero</span> <span class='ocrx_word' id='word_1_17' title='bbox 368 728 954 837; x_wconf 74' lang='lat' dir='ltr'>Louriacensis&#39;Archiepisoopus</span> <span class='ocrx_word' id='word_1_18' title='bbox 974 731 1061 837; x_wconf 79' lang='lat' dir='ltr'>jura</span> <span class='ocrx_word' id='word_1_19' title='bbox 1077 758 1145 805; x_wconf 86' lang='lat' dir='ltr'>sua</span> <span class='ocrx_word' id='word_1_20' title='bbox 1165 732 1210 804; x_wconf 77' lang='lat' dir='ltr'>ita</span> 
     </span>
     <span class='ocr_line' id='line_1_5' title="bbox 145 838 1212 941; baseline -0.007 -23"><span class='ocrx_word' id='word_1_21' title='bbox 145 841 378 918; x_wconf 68' lang='lat' dir='ltr'>reclamasitt</span> <span class='ocrx_word' id='word_1_22' title='bbox 411 839 533 932; x_wconf 72' lang='lat' dir='ltr'>„Quia</span> <span class='ocrx_word' id='word_1_23' title='bbox 565 857 604 913; x_wconf 89' lang='lat' dir='ltr'>et</span> <span class='ocrx_word' id='word_1_24' title='bbox 638 838 829 941; x_wconf 84' lang='lat' dir='ltr'>quondam</span> <span class='ocrx_word' id='word_1_25' title='bbox 855 838 1212 916; x_wconf 61' lang='lat' dir='ltr'>Romanorumfie-</span> 
     </span>
     <span class='ocr_line' id='line_1_6' title="bbox 145 945 1211 1057; baseline -0.002 -39"><span class='ocrx_word' id='word_1_26' title='bbox 145 948 398 1057; x_wconf 86' lang='lat' dir='ltr'>pidarumque</span> <span class='ocrx_word' id='word_1_27' title='bbox 418 962 612 1051; x_wconf 87' lang='lat' dir='ltr'>tempore,</span> <span class='ocrx_word' id='word_1_28' title='bbox 639 949 817 1051; x_wconf 87' lang='lat' dir='ltr'>proprios</span> <span class='ocrx_word' id='word_1_29' title='bbox 839 964 992 1051; x_wconf 89' lang='lat' dir='ltr'>septem·</span> <span class='ocrx_word' id='word_1_30' title='bbox 1005 945 1211 1034; x_wconf 86' lang='lat' dir='ltr'>Antistites,</span> 
     </span>
     <span class='ocr_line' id='line_1_7' title="bbox 146 1052 1211 1146; baseline -0.008 -17"><span class='ocrx_word' id='word_1_31' title='bbox 146 1052 279 1129; x_wconf 86' lang='lat' dir='ltr'>eadem</span> <span class='ocrx_word' id='word_1_32' title='bbox 303 1052 499 1130; x_wconf 82' lang='lat' dir='ltr'>orientalis</span> <span class='ocrx_word' id='word_1_33' title='bbox 517 1053 704 1128; x_wconf 85' lang='lat' dir='ltr'>Pannonia</span> <span class='ocrx_word' id='word_1_34' title='bbox 725 1053 856 1127; x_wconf 86' lang='lat' dir='ltr'>habuit</span> <span class='ocrx_word' id='word_1_35' title='bbox 875 1060 914 1127; x_wconf 74' lang='lat' dir='ltr'>et</span> <span class='ocrx_word' id='word_1_36' title='bbox 929 1052 1085 1146; x_wconf 84' lang='lat' dir='ltr'>Moesia,</span> <span class='ocrx_word' id='word_1_37' title='bbox 1112 1075 1211 1125; x_wconf 87' lang='lat' dir='ltr'>meae</span> 
     </span>
     <span class='ocr_line' id='line_1_8' title="bbox 97 1157 1211 1262; baseline 0.002 -33"><span class='ocrx_word' id='word_1_38' title='bbox 97 1223 102 1229; x_wconf 91' lang='lat'>.</span> <span class='ocrx_word' id='word_1_39' title='bbox 145 1178 296 1236; x_wconf 81' lang='lat' dir='ltr'>sanctae</span> <span class='ocrx_word' id='word_1_40' title='bbox 328 1159 596 1251; x_wconf 84' lang='lat' dir='ltr'>Laureacensi,</span> <span class='ocrx_word' id='word_1_41' title='bbox 631 1161 691 1233; x_wconf 90' lang='lat' dir='ltr'>cui</span> <span class='ocrx_word' id='word_1_42' title='bbox 725 1185 797 1262; x_wconf 82' lang='lat' dir='ltr'>ego</span> <span class='ocrx_word' id='word_1_43' title='bbox 826 1158 1000 1260; x_wconf 80' lang='lat' dir='ltr'>indignus</span> <span class='ocrx_word' id='word_1_44' title='bbox 1030 1157 1211 1246; x_wconf 87' lang='lat' dir='ltr'>ministro,</span> 
     </span>
     <span class='ocr_line' id='line_1_9' title="bbox 144 1264 1213 1368; baseline -0.01 -23"><span class='ocrx_word' id='word_1_45' title='bbox 144 1267 333 1360; x_wconf 75' lang='lat' dir='ltr'>Ecclesiae</span> <span class='ocrx_word' id='word_1_46' title='bbox 358 1264 566 1368; x_wconf 81' lang='lat' dir='ltr'>subjectos3</span> <span class='ocrx_word' id='word_1_47' title='bbox 593 1284 760 1365; x_wconf 84' lang='lat' dir='ltr'>quorum</span> <span class='ocrx_word' id='word_1_48' title='bbox 776 1267 890 1341; x_wconf 86' lang='lat' dir='ltr'>etiam</span> <span class='ocrx_word' id='word_1_49' title='bbox 911 1280 1079 1365; x_wconf 81' lang='lat' dir='ltr'>quatuor</span> <span class='ocrx_word' id='word_1_50' title='bbox 1096 1286 1213 1361; x_wconf 89' lang='lat' dir='ltr'>usque</span> 
     </span>
     <span class='ocr_line' id='line_1_10' title="bbox 145 1367 1213 1473; baseline -0.007 -26"><span class='ocrx_word' id='word_1_51' title='bbox 145 1367 238 1448; x_wconf 82' lang='lat' dir='ltr'>dunt</span> <span class='ocrx_word' id='word_1_52' title='bbox 256 1371 399 1472; x_wconf 83' lang='lat' dir='ltr'>Ungari</span> <span class='ocrx_word' id='word_1_53' title='bbox 429 1396 592 1473; x_wconf 82' lang='lat' dir='ltr'>regnum</span> <span class='ocrx_word' id='word_1_54' title='bbox 611 1368 859 1447; x_wconf 87' lang='lat' dir='ltr'>Bavariorum</span> <span class='ocrx_word' id='word_1_55' title='bbox 882 1373 1119 1461; x_wconf 80' lang='lat' dir='ltr'>invaserunt,</span> <span class='ocrx_word' id='word_1_56' title='bbox 1145 1368 1213 1444; x_wconf 88' lang='lat' dir='ltr'>sic-</span> 
     </span>
     <span class='ocr_line' id='line_1_11' title="bbox 145 1475 1214 1581; baseline -0.007 -28"><span class='ocrx_word' id='word_1_57' title='bbox 145 1480 201 1553; x_wconf 85' lang='lat' dir='ltr'>uti</span> <span class='ocrx_word' id='word_1_58' title='bbox 225 1478 412 1580; x_wconf 81' lang='lat' dir='ltr'><strong>praesenti</strong></span> <span class='ocrx_word' id='word_1_59' title='bbox 436 1479 631 1581; x_wconf 78' lang='lat' dir='ltr'>cognitum</span> <span class='ocrx_word' id='word_1_60' title='bbox 642 1495 701 1553; x_wconf 85' lang='lat' dir='ltr'>est</span> <span class='ocrx_word' id='word_1_61' title='bbox 721 1481 846 1570; x_wconf 83' lang='lat' dir='ltr'>aetati,</span> <span class='ocrx_word' id='word_1_62' title='bbox 865 1479 905 1549; x_wconf 90' lang='lat' dir='ltr'>in</span> <span class='ocrx_word' id='word_1_63' title='bbox 917 1475 1088 1551; x_wconf 75' lang='lat' dir='ltr'>Moravia</span> <span class='ocrx_word' id='word_1_64' title='bbox 1109 1500 1214 1550; x_wconf 75' lang='lat' dir='ltr'>men«</span> 
     </span>
     <span class='ocr_line' id='line_1_12' title="bbox 145 1574 1212 1686; baseline -0.006 -29"><span class='ocrx_word' id='word_1_65' title='bbox 145 1574 317 1660; x_wconf 66' lang='lat' dir='ltr'>scruntf‘</span> <span class='ocrx_word' id='word_1_66' title='bbox 338 1611 377 1686; x_wconf 72' lang='lat' dir='ltr'>ps</span> <span class='ocrx_word' id='word_1_67' title='bbox 392 1583 499 1682; x_wconf 77' lang='lat'><strong>27.§.</strong></span> <span class='ocrx_word' id='word_1_68' title='bbox 518 1583 553 1657; x_wconf 89' lang='grc'>6.</span> <span class='ocrx_word' id='word_1_69' title='bbox 581 1586 639 1660; x_wconf 84' lang='lat' dir='ltr'>Ex</span> <span class='ocrx_word' id='word_1_70' title='bbox 660 1582 718 1657; x_wconf 90' lang='lat' dir='ltr'>his</span> <span class='ocrx_word' id='word_1_71' title='bbox 737 1580 854 1658; x_wconf 85' lang='lat' dir='ltr'>infert</span> <span class='ocrx_word' id='word_1_72' title='bbox 872 1581 1042 1659; x_wconf 76' lang='lat' dir='ltr'>laudatus</span> <span class='ocrx_word' id='word_1_73' title='bbox 1051 1579 1212 1658; x_wconf 86' lang='lat' dir='ltr'>Auctor:</span> 
     </span>
     <span class='ocr_line' id='line_1_13' title="bbox 145 1689 1213 1793; baseline 0 -31"><span class='ocrx_word' id='word_1_74' title='bbox 145 1689 420 1792; x_wconf 83' lang='lat' dir='ltr'>„Intelligimus</span> <span class='ocrx_word' id='word_1_75' title='bbox 452 1717 531 1767; x_wconf 90' lang='lat' dir='ltr'>non</span> <span class='ocrx_word' id='word_1_76' title='bbox 562 1716 610 1765; x_wconf 81' lang='lat' dir='ltr'>ex</span> <span class='ocrx_word' id='word_1_77' title='bbox 638 1689 885 1793; x_wconf 88' lang='lat' dir='ltr'>conjecturis,</span> <span class='ocrx_word' id='word_1_78' title='bbox 914 1690 980 1766; x_wconf 90' lang='lat' dir='ltr'>sed</span> <span class='ocrx_word' id='word_1_79' title='bbox 1012 1690 1213 1765; x_wconf 80' lang='lat' dir='ltr'>electione</span> 
     </span>
     <span class='ocr_line' id='line_1_14' title="bbox 144 1789 1216 1901; baseline -0.004 -29"><span class='ocrx_word' id='word_1_80' title='bbox 144 1815 292 1872; x_wconf 90' lang='lat' dir='ltr'>certum</span> <span class='ocrx_word' id='word_1_81' title='bbox 323 1796 421 1889; x_wconf 86' lang='lat' dir='ltr'>esse,</span> <span class='ocrx_word' id='word_1_82' title='bbox 449 1798 488 1871; x_wconf 92' lang='lat' dir='ltr'>in</span> <span class='ocrx_word' id='word_1_83' title='bbox 505 1796 583 1870; x_wconf 92' lang='lat' dir='ltr'>illis</span> <span class='ocrx_word' id='word_1_84' title='bbox 604 1789 835 1898; x_wconf 83' lang='lat' dir='ltr'>regionibus,</span> <span class='ocrx_word' id='word_1_85' title='bbox 856 1795 922 1870; x_wconf 87' lang='lat' dir='ltr'>ubi</span> <span class='ocrx_word' id='word_1_86' title='bbox 945 1812 1119 1901; x_wconf 86' lang='lat' dir='ltr'>tempore</span> <span class='ocrx_word' id='word_1_87' title='bbox 1140 1799 1216 1872; x_wconf 89' lang='lat' dir='ltr'>Eu-</span> 
     </span>
     <span class='ocr_line' id='line_1_15' title="bbox 143 1901 1215 2008; baseline -0.004 -30"><span class='ocrx_word' id='word_1_88' title='bbox 143 1903 245 2004; x_wconf 86' lang='lat' dir='ltr'>genii</span> <span class='ocrx_word' id='word_1_89' title='bbox 274 1903 344 1976; x_wconf 87' lang='lat' dir='ltr'>PP.</span> <span class='ocrx_word' id='word_1_90' title='bbox 368 1903 544 2008; x_wconf 86' lang='lat' dir='ltr'>Episcopi</span> <span class='ocrx_word' id='word_1_91' title='bbox 561 1901 1215 2005; x_wconf 79' lang='lat' dir='ltr'>Farianensis,Speculo-Juliensis,</span> 
     </span>
     <span class='ocr_line' id='line_1_16' title="bbox 142 2004 1215 2085; baseline -0.004 0"><span class='ocrx_word' id='word_1_92' title='bbox 142 2004 390 2085; x_wconf 82' lang='lat' dir='ltr'>Nitraviensis</span> <span class='ocrx_word' id='word_1_93' title='bbox 417 2026 455 2084; x_wconf 88' lang='lat' dir='ltr'>et</span> <span class='ocrx_word' id='word_1_94' title='bbox 486 2009 749 2085; x_wconf 82' lang='lat' dir='ltr'>Vetuariensis</span> <span class='ocrx_word' id='word_1_95' title='bbox 780 2035 864 2084; x_wconf 88' lang='lat' dir='ltr'>suas</span> <span class='ocrx_word' id='word_1_96' title='bbox 889 2008 1077 2085; x_wconf 83' lang='lat' dir='ltr'>habebant</span> <span class='ocrx_word' id='word_1_97' title='bbox 1096 2009 1215 2083; x_wconf 82' lang='lat' dir='ltr'>Paro-</span> 
     </span>
     <span class='ocr_line' id='line_1_17' title="bbox 67 2105 1215 2220; baseline -0.002 -30"><span class='ocrx_word' id='word_1_98' title='bbox 67 2195 69 2200; x_wconf 58' lang='lat'>,</span> <span class='ocrx_word' id='word_1_99' title='bbox 142 2115 246 2190; x_wconf 80' lang='lat' dir='ltr'>chiae</span> <span class='ocrx_word' id='word_1_100' title='bbox 270 2141 336 2192; x_wconf 85' lang='lat' dir='ltr'>seu</span> <span class='ocrx_word' id='word_1_101' title='bbox 356 2105 576 2208; x_wconf 82' lang='lat' dir='ltr'>Dioeceses,</span> <span class='ocrx_word' id='word_1_102' title='bbox 598 2115 676 2220; x_wconf 87' lang='lat' dir='ltr'>jam</span> <span class='ocrx_word' id='word_1_103' title='bbox 700 2116 792 2193; x_wconf 88' lang='lat' dir='ltr'>olim</span> <span class='ocrx_word' id='word_1_104' title='bbox 815 2133 936 2192; x_wconf 84' lang='lat' dir='ltr'>aetate</span> <span class='ocrx_word' id='word_1_105' title='bbox 955 2116 1215 2192; x_wconf 81' lang='lat' dir='ltr'>Romanorum</span> 
     </span>
    </p>

    <p class='ocr_par' dir='ltr' id='par_1_3' title="bbox 117 2218 1217 2430">
     <span class='ocr_line' id='line_1_18' title="bbox 117 2218 1217 2329; baseline 0.004 -38"><span class='ocrx_word' id='word_1_106' title='bbox 117 2218 184 2297; x_wconf 72' lang='lat' dir='ltr'>set</span> <span class='ocrx_word' id='word_1_107' title='bbox 209 2220 443 2326; x_wconf 85' lang='lat' dir='ltr'>Gepidarum</span> <span class='ocrx_word' id='word_1_108' title='bbox 480 2220 595 2298; x_wconf 84' lang='lat' dir='ltr'>fuisse</span> <span class='ocrx_word' id='word_1_109' title='bbox 625 2239 773 2328; x_wconf 86' lang='lat' dir='ltr'>septem</span> <span class='ocrx_word' id='word_1_110' title='bbox 803 2225 1064 2329; x_wconf 80' lang='lat' dir='ltr'>episcopatus3</span> <span class='ocrx_word' id='word_1_111' title='bbox 1091 2268 1144 2285; x_wconf 89' lang='lat'><em>-</em></span> <span class='ocrx_word' id='word_1_112' title='bbox 1180 2238 1217 2296; x_wconf 89' lang='lat' dir='ltr'>et</span> 
     </span>
     <span class='ocr_line' id='line_1_19' title="bbox 141 2325 1217 2430; baseline -0.001 -29"><span class='ocrx_word' id='word_1_113' title='bbox 141 2327 331 2430; x_wconf 85' lang='lat' dir='ltr'>quidquid</span> <span class='ocrx_word' id='word_1_114' title='bbox 355 2325 401 2404; x_wconf 88' lang='lat' dir='ltr'>de</span> <span class='ocrx_word' id='word_1_115' title='bbox 423 2329 512 2403; x_wconf 68' lang='lat' dir='ltr'>aliis</span> <span class='ocrx_word' id='word_1_116' title='bbox 542 2331 609 2424; x_wconf 86' lang='lat' dir='ltr'>sit,</span> <span class='ocrx_word' id='word_1_117' title='bbox 647 2354 735 2404; x_wconf 92' lang='lat' dir='ltr'>cum</span> <span class='ocrx_word' id='word_1_118' title='bbox 758 2328 1042 2407; x_wconf 76' lang='lat' dir='ltr'>Marcomannis</span> <span class='ocrx_word' id='word_1_119' title='bbox 1070 2329 1217 2403; x_wconf 86' lang='lat' dir='ltr'>nonnisi</span> 
     </span>
    </p>
   </div>
   <div class='ocr_carea' id='block_1_3' title="bbox 2 2433 1217 2540">
    <p class='ocr_par' dir='ltr' id='par_1_4' title="bbox 2 2433 1217 2540">
     <span class='ocr_line' id='line_1_20' title="bbox 2 2433 1217 2540; baseline -0.005 -29"><span class='ocrx_word' id='word_1_120' title='bbox 2 2472 8 2480; x_wconf 51' lang='lat'>²</span> <span class='ocrx_word' id='word_1_121' title='bbox 64 2466 66 2469; x_wconf 88' lang='lat'>·</span> <span class='ocrx_word' id='word_1_122' title='bbox 143 2436 213 2510; x_wconf 91' lang='lat' dir='ltr'>sub</span> <span class='ocrx_word' id='word_1_123' title='bbox 231 2433 398 2535; x_wconf 83' lang='lat' dir='ltr'>Frigilda</span> <span class='ocrx_word' id='word_1_124' title='bbox 418 2437 549 2535; x_wconf 79' lang='lat' dir='ltr'>regina</span> <span class='ocrx_word' id='word_1_125' title='bbox 569 2435 782 2510; x_wconf 87' lang='lat' dir='ltr'>christicola</span> <span class='ocrx_word' id='word_1_126' title='bbox 805 2464 883 2513; x_wconf 88' lang='lat' dir='ltr'>esse</span> <span class='ocrx_word' id='word_1_127' title='bbox 909 2439 1098 2540; x_wconf 92' lang='lat' dir='ltr'>coeperit,</span> <span class='ocrx_word' id='word_1_128' title='bbox 1125 2437 1217 2537; x_wconf 87' lang='lat' dir='ltr'>Epi-</span> 
     </span>
    </p>
   </div>
   <div class='ocr_carea' id='block_1_4' title="bbox 142 2538 1218 2754">
    <p class='ocr_par' dir='ltr' id='par_1_5' title="bbox 142 2538 1218 2754">
     <span class='ocr_line' id='line_1_21' title="bbox 142 2538 1218 2648; baseline -0.003 -31"><span class='ocrx_word' id='word_1_129' title='bbox 142 2559 338 2645; x_wconf 86' lang='lat' dir='ltr'>scopatum</span> <span class='ocrx_word' id='word_1_130' title='bbox 357 2538 601 2634; x_wconf 87' lang='lat' dir='ltr'>Nitriensem,</span> <span class='ocrx_word' id='word_1_131' title='bbox 624 2542 731 2616; x_wconf 84' lang='lat' dir='ltr'>velut</span> <span class='ocrx_word' id='word_1_132' title='bbox 751 2565 795 2615; x_wconf 89' lang='lat' dir='ltr'>ea</span> <span class='ocrx_word' id='word_1_133' title='bbox 816 2560 935 2621; x_wconf 83' lang='lat' dir='ltr'>aetate</span> <span class='ocrx_word' id='word_1_134' title='bbox 955 2543 1032 2648; x_wconf 83' lang='lat' dir='ltr'>jam</span> <span class='ocrx_word' id='word_1_135' title='bbox 1053 2545 1218 2618; x_wconf 83' lang='lat' dir='ltr'>existen-</span> 
     </span>
     <span class='ocr_line' id='line_1_22' title="bbox 142 2645 1214 2754; baseline -0.005 -31"><span class='ocrx_word' id='word_1_136' title='bbox 142 2666 240 2743; x_wconf 85' lang='lat' dir='ltr'>tem,</span> <span class='ocrx_word' id='word_1_137' title='bbox 267 2646 326 2722; x_wconf 88' lang='lat' dir='ltr'>his</span> <span class='ocrx_word' id='word_1_138' title='bbox 352 2646 548 2723; x_wconf 85' lang='lat' dir='ltr'>indicari.“</span> <span class='ocrx_word' id='word_1_139' title='bbox 568 2677 606 2754; x_wconf 88' lang='lat' dir='ltr'>p.</span> <span class='ocrx_word' id='word_1_140' title='bbox 627 2647 689 2722; x_wconf 82' lang='lat'>25.</span> <span class='ocrx_word' id='word_1_141' title='bbox 711 2645 744 2747; x_wconf 61' lang='grc' dir='ltr'>ξ.</span> <span class='ocrx_word' id='word_1_142' title='bbox 765 2647 801 2721; x_wconf 88' lang='grc'>5.</span> <span class='ocrx_word' id='word_1_143' title='bbox 1213 2649 1214 2653; x_wconf 65' lang='grc'>’</span> 
     </span>
    </p>
   </div>
   <div class='ocr_carea' id='block_1_5' title="bbox 106 2862 1251 4032">
    <p class='ocr_par' dir='ltr' id='par_1_6' title="bbox 106 2862 1251 4032">
     <span class='ocr_line' id='line_1_23' title="bbox 237 2862 1221 2974; baseline 0 -32"><span class='ocrx_word' id='word_1_144' title='bbox 237 2866 270 2968; x_wconf 59' lang='grc' dir='ltr'>ᾗ.</span> <span class='ocrx_word' id='word_1_145' title='bbox 292 2872 325 2942; x_wconf 88' lang='grc'>8.</span> <span class='ocrx_word' id='word_1_146' title='bbox 354 2864 434 2944; x_wconf 86' lang='lat' dir='ltr'>Nos</span> <span class='ocrx_word' id='word_1_147' title='bbox 460 2891 555 2944; x_wconf 85' lang='lat' dir='ltr'>vero</span> <span class='ocrx_word' id='word_1_148' title='bbox 585 2863 633 2945; x_wconf 90' lang='lat' dir='ltr'>de</span> <span class='ocrx_word' id='word_1_149' title='bbox 663 2864 856 2945; x_wconf 79' lang='lat' dir='ltr'>authentia</span> <span class='ocrx_word' id='word_1_150' title='bbox 878 2862 1150 2974; x_wconf 72' lang='lat' dir='ltr'>producturum</span> <span class='ocrx_word' id='word_1_151' title='bbox 1172 2871 1221 2944; x_wconf 92' lang='lat' dir='ltr'>li-</span> 
     </span>
     <span class='ocr_line' id='line_1_24' title="bbox 142 2972 1221 3082; baseline 0.002 -33"><span class='ocrx_word' id='word_1_152' title='bbox 142 2972 548 3078; x_wconf 82' lang='lat' dir='ltr'>terarum-Papalium,</span> <span class='ocrx_word' id='word_1_153' title='bbox 575 3000 688 3074; x_wconf 87' lang='lat' dir='ltr'><strong>quam</strong></span> <span class='ocrx_word' id='word_1_154' title='bbox 711 2976 936 3058; x_wconf 87' lang='lat' dir='ltr'>clarissimus</span> <span class='ocrx_word' id='word_1_155' title='bbox 958 2978 1018 3053; x_wconf 82' lang='lat' dir='ltr'>vir</span> <span class='ocrx_word' id='word_1_156' title='bbox 1033 2976 1221 3082; x_wconf 84' lang='lat' dir='ltr'>Josephus</span> 
     </span>
     <span class='ocr_line' id='line_1_25' title="bbox 142 3078 1222 3182; baseline 0.001 -28"><span class='ocrx_word' id='word_1_157' title='bbox 142 3080 390 3178; x_wconf 84' lang='lat' dir='ltr'>Dobrovsly,</span> <span class='ocrx_word' id='word_1_158' title='bbox 419 3079 566 3180; x_wconf 82' lang='lat' dir='ltr'>origine</span> <span class='ocrx_word' id='word_1_159' title='bbox 584 3078 806 3182; x_wconf 78' lang='lat' dir='ltr'>Hungarus,</span> <span class='ocrx_word' id='word_1_160' title='bbox 834 3084 999 3159; x_wconf 81' lang='lat' dir='ltr'>incolatu</span> <span class='ocrx_word' id='word_1_161' title='bbox 1017 3082 1222 3176; x_wconf 88' lang='lat' dir='ltr'>Bohemus,</span> 
     </span>
     <span class='ocr_line' id='line_1_26' title="bbox 106 3187 1223 3292; baseline -0.001 -30"><span class='ocrx_word' id='word_1_162' title='bbox 106 3273 108 3278; x_wconf 66' lang='lat'>,</span> <span class='ocrx_word' id='word_1_163' title='bbox 142 3188 377 3284; x_wconf 81' lang='lat' dir='ltr'>antiquitat-is</span> <span class='ocrx_word' id='word_1_164' title='bbox 426 3189 554 3264; x_wconf 90' lang='lat' dir='ltr'>studio</span> <span class='ocrx_word' id='word_1_165' title='bbox 594 3187 782 3287; x_wconf 77' lang='lat' dir='ltr'>insignis,</span> <span class='ocrx_word' id='word_1_166' title='bbox 829 3191 1139 3292; x_wconf 72' lang='lat' dir='ltr'>impugnas-eret:</span> <span class='ocrx_word' id='word_1_167' title='bbox 1182 3191 1223 3262; x_wconf 90' lang='lat' dir='ltr'>in</span> 
     </span>
     <span class='ocr_line' id='line_1_27' title="bbox 143 3293 1223 3400; baseline 0.001 -32"><span class='ocrx_word' id='word_1_168' title='bbox 143 3293 329 3368; x_wconf 82' lang='lat' dir='ltr'>tabulario</span> <span class='ocrx_word' id='word_1_169' title='bbox 360 3308 462 3368; x_wconf 90' lang='lat' dir='ltr'>certe</span> <span class='ocrx_word' id='word_1_170' title='bbox 497 3294 683 3368; x_wconf 77' lang='lat' dir='ltr'>Vaticano</span> <span class='ocrx_word' id='word_1_171' title='bbox 716 3321 794 3368; x_wconf 90' lang='lat' dir='ltr'>non</span> <span class='ocrx_word' id='word_1_172' title='bbox 819 3293 1081 3400; x_wconf 80' lang='lat' dir='ltr'>reperiuntur,</span> <span class='ocrx_word' id='word_1_173' title='bbox 1112 3311 1223 3372; x_wconf 88' lang='lat' dir='ltr'>sunt-</span> 
     </span>
     <span class='ocr_line' id='line_1_28' title="bbox 142 3399 1223 3500; baseline 0.001 -27"><span class='ocrx_word' id='word_1_174' title='bbox 142 3426 220 3500; x_wconf 90' lang='lat' dir='ltr'>que</span> <span class='ocrx_word' id='word_1_175' title='bbox 243 3399 323 3473; x_wconf 89' lang='lat' dir='ltr'>sine</span> <span class='ocrx_word' id='word_1_176' title='bbox 353 3415 448 3474; x_wconf 88' lang='lat' dir='ltr'>teste</span> <span class='ocrx_word' id='word_1_177' title='bbox 480 3426 522 3474; x_wconf 82' lang='lat' dir='ltr'>ec</span> <span class='ocrx_word' id='word_1_178' title='bbox 553 3400 729 3494; x_wconf 84' lang='lat' dir='ltr'>consule,</span> <span class='ocrx_word' id='word_1_179' title='bbox 756 3402 797 3474; x_wconf 93' lang='lat' dir='ltr'>in</span> <span class='ocrx_word' id='word_1_180' title='bbox 819 3402 938 3476; x_wconf 87' lang='lat' dir='ltr'>literis</span> <span class='ocrx_word' id='word_1_181' title='bbox 971 3404 1096 3480; x_wconf 89' lang='lat' dir='ltr'>solum</span> <span class='ocrx_word' id='word_1_182' title='bbox 1116 3403 1223 3475; x_wconf 82' lang='lat' dir='ltr'>Lau-</span> 
     </span>
     <span class='ocr_line' id='line_1_29' title="bbox 141 3504 1222 3611; baseline -0.001 -30"><span class='ocrx_word' id='word_1_183' title='bbox 141 3507 374 3581; x_wconf 87' lang='lat' dir='ltr'>rencensium</span> <span class='ocrx_word' id='word_1_184' title='bbox 385 3504 773 3611; x_wconf 85' lang='lat' dir='ltr'>Archiepiscoporum</span> <span class='ocrx_word' id='word_1_185' title='bbox 784 3505 961 3583; x_wconf 82' lang='lat' dir='ltr'>fundatae</span> <span class='ocrx_word' id='word_1_186' title='bbox 972 3508 1044 3605; x_wconf 81' lang='lat' dir='ltr'>(ef.</span> <span class='ocrx_word' id='word_1_187' title='bbox 1062 3509 1222 3583; x_wconf 87' lang='lat' dir='ltr'>Wiener</span> 
     </span>
     <span class='ocr_line' id='line_1_30' title="bbox 141 3610 1225 3710; baseline 0.002 -25"><span class='ocrx_word' id='word_1_188' title='bbox 141 3610 378 3687; x_wconf 78' lang='lat' dir='ltr'>Jahrbt&#39;icher</span> <span class='ocrx_word' id='word_1_189' title='bbox 400 3611 468 3687; x_wconf 91' lang='lat' dir='ltr'>der</span> <span class='ocrx_word' id='word_1_190' title='bbox 488 3611 562 3688; x_wconf 86' lang='lat' dir='ltr'>Lit.</span> <span class='ocrx_word' id='word_1_191' title='bbox 588 3610 672 3684; x_wconf 82' lang='lat' dir='ltr'>vot.</span> <span class='ocrx_word' id='word_1_192' title='bbox 695 3611 765 3710; x_wconf 75' lang='lat'>52)</span> <span class='ocrx_word' id='word_1_193' title='bbox 798 3641 864 3690; x_wconf 89' lang='lat' dir='ltr'>seu</span> <span class='ocrx_word' id='word_1_194' title='bbox 892 3613 939 3689; x_wconf 92' lang='lat' dir='ltr'>de</span> <span class='ocrx_word' id='word_1_195' title='bbox 970 3615 1067 3691; x_wconf 87' lang='lat' dir='ltr'>sedis</span> <span class='ocrx_word' id='word_1_196' title='bbox 1088 3614 1225 3688; x_wconf 83' lang='lat' dir='ltr'>Nitra-</span> 
     </span>
     <span class='ocr_line' id='line_1_31' title="bbox 141 3714 1225 3818; baseline -0.003 -24"><span class='ocrx_word' id='word_1_197' title='bbox 141 3719 279 3794; x_wconf 84' lang='lat' dir='ltr'>viensis</span> <span class='ocrx_word' id='word_1_198' title='bbox 301 3743 343 3790; x_wconf 85' lang='lat' dir='ltr'>ac</span> <span class='ocrx_word' id='word_1_199' title='bbox 364 3716 566 3793; x_wconf 88' lang='lat' dir='ltr'>Nitriensis</span> <span class='ocrx_word' id='word_1_200' title='bbox 588 3714 805 3813; x_wconf 89' lang='lat' dir='ltr'>identitate,</span> <span class='ocrx_word' id='word_1_201' title='bbox 835 3745 950 3818; x_wconf 84' lang='lat' dir='ltr'>quam</span> <span class='ocrx_word' id='word_1_202' title='bbox 971 3722 1225 3798; x_wconf 87' lang='lat' dir='ltr'>Doctissimus</span> 
     </span>
     <span class='ocr_line' id='line_1_32' title="bbox 142 3823 1228 3931; baseline 0.003 -32"><span class='ocrx_word' id='word_1_203' title='bbox 142 3824 255 3899; x_wconf 88' lang='lat' dir='ltr'>Alex.</span> <span class='ocrx_word' id='word_1_204' title='bbox 277 3823 488 3899; x_wconf 83' lang='lat' dir='ltr'>Ralovszli</span> <span class='ocrx_word' id='word_1_205' title='bbox 511 3826 551 3896; x_wconf 90' lang='lat' dir='ltr'>in</span> <span class='ocrx_word' id='word_1_206' title='bbox 574 3850 645 3898; x_wconf 88' lang='lat' dir='ltr'>suo</span> <span class='ocrx_word' id='word_1_207' title='bbox 668 3825 923 3931; x_wconf 77' lang='lat' dir='ltr'>manuscripto</span> <span class='ocrx_word' id='word_1_208' title='bbox 945 3825 1098 3904; x_wconf 84' lang='lat' dir='ltr'>dubiam</span> <span class='ocrx_word' id='word_1_209' title='bbox 1117 3828 1228 3904; x_wconf 86' lang='lat' dir='ltr'>fece-</span> 
     </span>
     <span class='ocr_line' id='line_1_33' title="bbox 141 3930 1251 4032; baseline 0.008 -29"><span class='ocrx_word' id='word_1_210' title='bbox 141 3948 222 4021; x_wconf 85' lang='lat' dir='ltr'>rat,</span> <span class='ocrx_word' id='word_1_211' title='bbox 251 3930 358 4005; x_wconf 90' lang='lat' dir='ltr'>litem</span> <span class='ocrx_word' id='word_1_212' title='bbox 387 3955 516 4006; x_wconf 88' lang='lat' dir='ltr'>serere</span> <span class='ocrx_word' id='word_1_213' title='bbox 545 3930 741 4022; x_wconf 88' lang='lat' dir='ltr'>nolentes,</span> <span class='ocrx_word' id='word_1_214' title='bbox 771 3935 968 4032; x_wconf 88' lang='lat' dir='ltr'>sequentia</span> <span class='ocrx_word' id='word_1_215' title='bbox 987 3938 1139 4011; x_wconf 88' lang='lat' dir='ltr'>nonnisi</span> <span class='ocrx_word' id='word_1_216' title='bbox 1160 3960 1251 4012; x_wconf 66' lang='lat' dir='ltr'>zer-1</span> 
     </span>
    </p>
   </div>
   <div class='ocr_carea' id='block_1_6' title="bbox 32 4033 1227 4136">
    <p class='ocr_par' dir='ltr' id='par_1_7' title="bbox 32 4033 1227 4136">
     <span class='ocr_line' id='line_1_34' title="bbox 32 4033 1227 4136; baseline -0.001 -25"><span class='ocrx_word' id='word_1_217' title='bbox 32 4033 38 4057; x_wconf 67' lang='lat'><strong>⁵</strong></span> <span class='ocrx_word' id='word_1_218' title='bbox 141 4039 308 4136; x_wconf 80' lang='lat' dir='ltr'>guimus:</span> <span class='ocrx_word' id='word_1_219' title='bbox 351 4035 403 4131; x_wconf 86' lang='grc'>1.)</span> <span class='ocrx_word' id='word_1_220' title='bbox 438 4037 550 4114; x_wconf 89' lang='lat' dir='ltr'>Unde</span> <span class='ocrx_word' id='word_1_221' title='bbox 585 4054 734 4113; x_wconf 84' lang='lat' dir='ltr'>constat</span> <span class='ocrx_word' id='word_1_222' title='bbox 764 4037 915 4117; x_wconf 78' lang='lat' dir='ltr'>laudato</span> <span class='ocrx_word' id='word_1_223' title='bbox 951 4038 1110 4119; x_wconf 85' lang='lat' dir='ltr'>Auctori</span> <span class='ocrx_word' id='word_1_224' title='bbox 1144 4040 1227 4115; x_wconf 88' lang='lat' dir='ltr'>Ni-</span> 
     </span>
    </p>
   </div>
   <div class='ocr_carea' id='block_1_7' title="bbox 142 4132 1227 4226">
    <p class='ocr_par' dir='ltr' id='par_1_8' title="bbox 142 4132 1227 4226">
     <span class='ocr_line' id='line_1_35' title="bbox 142 4132 1227 4226; baseline 0.006 -11"><span class='ocrx_word' id='word_1_225' title='bbox 142 4145 290 4222; x_wconf 82' lang='lat' dir='ltr'>triam</span> <span class='ocrx_word' id='word_1_226' title='bbox 318 4145 366 4217; x_wconf 92' lang='lat' dir='ltr'>in</span> <span class='ocrx_word' id='word_1_227' title='bbox 394 4132 1052 4225; x_wconf 81' lang='lat' dir='ltr'>Marcomannorum-ditione</span> <span class='ocrx_word' id='word_1_228' title='bbox 1079 4154 1227 4226; x_wconf 84' lang='lat' dir='ltr'>sitam</span> 
     </span>
    </p>
   </div>
   <div class='ocr_carea' id='block_1_8' title="bbox 0 0 1380 4776">
    <p class='ocr_par' dir='ltr' id='par_1_9' title="bbox 0 0 1380 4776">
     <span class='ocr_line' id='line_1_36' title="bbox 0 0 1380 4776; baseline 0 0"><span class='ocrx_word' id='word_1_229' title='bbox 0 0 1380 4776; x_wconf 95' lang='lat' dir='ltr'> </span> 
     </span>
    </p>
   </div>
  </div>
 </body>
</html>
